2152 3229
140 1378 178 1407 10

156 2666 175 2694 τ’)

493 143 582 175 Fab.
610 143 693 184 ΧΠ,
718 144 819 176 xm.
870 145 1109 187 Vespertnio.
1160 147 1338 178 Luscinia
1372 152 1407 178 et
1440 147 1625 188 accipiter
1852 134 1906 174 25

210 241 407 278 stabilem
434 253 529 280 esse
553 244 780 291 fortunam,
799 257 895 283 eam
921 247 1059 293 ipsam
1079 247 1320 284 doctrinam
1340 248 1513 284 adhibet
1530 248 1637 285 haec
1657 248 1802 286 fabula
1822 260 1905 297 qua

210 295 528 332 demonstretur
565 299 793 344 superbiae
830 310 1015 346 poenam
1049 300 1237 337 debitam
1269 301 1506 338 imminere.
1535 301 1650 348 quod
1683 302 1798 339 idem
1825 302 1907 339 hae

209 348 391 438 ghile9dri
426 349 581 386 docent
613 351 810 389 fabulae:
835 356 866 389 Φ
898 352 914 389 Ι
945 352 993 390 28
1019 355 1077 395 (z
1109 353 1255 390 Babrii
1291 354 1358 391 186
1390 353 1528 400 Crus.)
1560 361 1600 391 et
1634 359 1665 391 Φ
1697 354 1755 391 ΙΙΙ
1791 355 1834 391 16
1867 362 1907 391 et

451 608 556 654 XII.
621 608 1085 656 VESPERTILIO.
1149 615 1348 654 Metrmn
1380 615 1660 656 restituttm‘z.

208 728 388 768 Bellum
420 730 651 780 gerebant
683 730 904 770 volucres
937 742 1042 771 curn
1076 732 1468 783 quadrupedibus.

207 800 265 840 Et
297 799 609 840 vincebantur
639 800 820 850 iterum,
855 800 1103 842 vincentes
1135 803 1287 845 modo.

209 869 365 922 [Tunc]
399 871 684 922 vespertilio,
719 871 883 912 dubios
917 879 1116 914 eventus
1148 873 1331 925 timens,

208 940 357 991 Quam
388 940 538 992 primo
571 942 861 994 superiorem
896 943 1106 997 [partem]
1142 944 1337 996 viderat,

163 1026 175 1040 r
206 1012 272 1052 Eo
306 1024 357 1052 se
391 1011 680 1065 conferebat,
717 1013 959 1065 [fort-mule
991 1016 1176 1067 comes}

205 1082 254 1122 In
287 1094 456 1134 pacem
491 1082 640 1137 [fessz]
678 1095 781 1124 cum
815 1085 1047 1126 redissent
1079 1086 1336 1138 pristinam,

207 1153 400 1206 Utrique
433 1155 598 1205 generi
628 1154 757 1195 fraus
789 1155 973 1196 detecta
1005 1157 1232 1208 apparuit.

205 1224 468 1266 Damnatus
501 1237 614 1277 ergo
647 1232 742 1266 tarn
776 1227 992 1278 pudendo
1026 1228 1234 1279 crimine,

205 1296 382 1336 Lucem
414 1296 667 1349 refugiens,
701 1309 750 1337 se
785 1299 993 1338 tenebris
1028 1299 1245 1340 condidit.

207 1367 293 1418 Qui
327 1366 552 1408 vindicari
584 1369 682 1408 vult
715 1369 894 1409 duabus
926 1369 1150 1421 partibus,

204 1437 420 1489 Ingratus
454 1438 589 1492 [hinc]
624 1439 846 1491 utrisque,
880 1440 995 1480 vivit
1027 1442 1234 1493 turpiter.

204 1566 399 1612 superior
436 1572 527 1602 erat
566 1572 606 1603 et
637 1577 798 1613 magna
832 1568 945 1603 acies
980 1568 1320 1615 quadrupedum,
1349 1570 1525 1606 contulit
1561 1580 1606 1606 se
1635 1570 1688 1606 ad
1715 1569 1904 1609 eosdem.

205 1619 326 1665 quasi
361 1629 458 1655 cum
491 1620 772 1657 vincentibus.
806 1621 946 1657 subito
976 1651 1011 1658 ..
1041 1622 1183 1669 aquila
1211 1649 1217 1655 .
1241 1653 1246 1658 .
1275 1623 1524 1659 volucribus
1557 1633 1603 1659 se
1639 1623 1809 1659 miscuit
1838 1653 1842 1659 .
1868 1651 1873 1656 .
1899 1654 1904 1658 .

204 1672 318 1709 stetit
348 1673 530 1709 victoria
563 1674 706 1709 avium
827 1675 1075 1721 vespertilio
1202 1675 1462 1722 dampnatur
1488 1687 1539 1712 eo
1568 1676 1683 1722 quod
1710 1686 1812 1713 suos
1840 1687 1901 1712 re-

204 1726 408 1772 liquerat·
436 1732 481 1762 ut
507 1727 647 1762 lucem
675 1726 809 1773 fugiat
835 1737 1018 1774 semper.
1046 1729 1394 1775 exspoliatusque
1423 1735 1485 1765 est
1512 1730 1682 1776 plumis.
1710 1734 1755 1765 ut
1773 1730 1903 1766 nocti>

205 1779 283 1815 bus
310 1780 425 1815 volet
450 1779 626 1816 nudus0.

323 1832 397 1868 Illa
426 1838 568 1869 autem
594 1832 806 1870 Varronis
835 1833 886 1870 de
913 1834 1146 1880 Agathone
1170 1841 1317 1871 satura
1337 1835 1457 1872 (Non.
1476 1836 1532 1872 46.
1551 1836 1610 1875 33)
1629 1847 1635 1872 :
1655 1835 1778 1882 »quid
1797 1836 1900 1872 mul-

204 1886 268 1922 ta?
301 1886 437 1922 factus
470 1896 566 1923 sum
597 1887 857 1933 vespertilio.
891 1897 1029 1934 neque
1062 1888 1104 1923 in
1138 1888 1367 1925 muribus
1394 1889 1521 1935 plane
1548 1899 1687 1936 neque
1715 1890 1756 1925 in
1784 1890 1899 1925 volu-

205 1939 348 1975 cribus
379 1949 495 1976 sumt>
530 1939 776 1976 referuntur
808 1940 861 1976 ad
894 1941 1023 1976 talem
1058 1941 1245 1977 fabulam
1280 1942 1417 1988 qualis
1450 1947 1513 1978 est
1544 1942 1614 1978 307
1647 1941 1776 1978 Halm
1817 1943 1900 1982 (100

204 1991 372 2037 Corais)
400 1993 589 2037 Νυκτερὶς
614 1995 673 2028 καὶ
696 1994 808 2038 γαλῆ.

245 2249 372 2294 XIII.
437 2250 760 2296 LVSCINIA
792 2251 878 2296 ET
912 2252 1286 2298 ACCIPITER.
1351 2257 1549 2296 Melrnm
1584 2258 1862 2298 restitutum.

203 2371 319 2412 Nido
352 2371 576 2411 lusciniae
609 2384 782 2423 parvos
816 2373 1053 2425 accipiter,
1088 2375 1263 2414 sedens

203 2443 263 2484 Ut
296 2443 621 2494 specularetur
653 2454 804 2489 auras.
838 2445 989 2495 pullos
1021 2444 1213 2485 invenit.

204 2511 483 2566 Supervenit
516 2513 712 2554 luscinia
744 2521 882 2565 rogat
915 2521 960 2554 et
993 2526 1206 2566 parcere.

207 2584 448 2624 »Faciam›>
487 2584 631 2636 inquit
670 2585 817 2636 »quod
850 2584 932 2635 vis,
967 2584 1077 2624 mihi
1109 2585 1147 2625 si
1179 2587 1299 2626 bene
1335 2588 1647 2628 cantaveris».

204 2654 375 2695 Cantat
408 2662 589 2705 coacta,
625 2655 838 2706 quamvis
871 2655 1112 2695 excideret
1147 2664 1288 2698 metu.

156 2806 175 2836 6
202 2796 456 2848 Accipiter,
492 2796 569 2848 qui
602 2798 821 2848 captabat
854 2797 1078 2848 praedam
1115 2797 1259 2850 [illam
1292 2798 1496 2851 novam]

207 2866 359 2909 »Nom
396 2867 542 2918 inquit
580 2869 723 2908 »bene
759 2867 1002 2908 cantasti».
1037 2870 1213 2919 pullum
1247 2872 1290 2908 et
1323 2869 1519 2920 corripit
