<?xml version="1.0" encoding="UTF-8"?>
<!DOCTYPE html PUBLIC "-//W3C//DTD XHTML 1.0 Transitional//EN"
    "http://www.w3.org/TR/xhtml1/DTD/xhtml1-transitional.dtd">
<html xmlns="http://www.w3.org/1999/xhtml" xml:lang="en" lang="en">
 <head>
  <title>
</title>
<meta http-equiv="Content-Type" content="text/html;charset=utf-8" />
  <meta name='ocr-system' content='tesseract 3.04.00' />
  <meta name='ocr-capabilities' content='ocr_page ocr_carea ocr_par ocr_line ocrx_word'/>
</head>
<body>
  <div class='ocr_page' id='page_1' title='image "./phaedrvssolvtvsv00phaeuoft_0151.png"; bbox 0 0 2152 3229; ppageno 0'>
   <div class='ocr_carea' id='block_1_1' title="bbox 519 163 1905 214">
    <p class='ocr_par' dir='ltr' id='par_1_1' title="bbox 519 163 1905 214">
     <span class='ocr_line' id='line_1_1' title="bbox 519 163 1905 214; baseline 0.001 -10"><span class='ocrx_word' id='word_1_1' title='bbox 519 174 607 206; x_wconf 87' lang='lat' dir='ltr'>Fab.</span> <span class='ocrx_word' id='word_1_2' title='bbox 635 174 771 214; x_wconf 74' lang='lat' dir='ltr'>XXIV,</span> <span class='ocrx_word' id='word_1_3' title='bbox 799 174 917 205; x_wconf 71' lang='lat' dir='ltr'>XXV.</span> <span class='ocrx_word' id='word_1_4' title='bbox 968 174 1046 205; x_wconf 89' lang='lat' dir='ltr'>Leo</span> <span class='ocrx_word' id='word_1_5' title='bbox 1074 175 1251 206; x_wconf 89' lang='lat' dir='ltr'>medicus.</span> <span class='ocrx_word' id='word_1_6' title='bbox 1302 175 1379 205; x_wconf 90' lang='lat' dir='ltr'>Leo</span> <span class='ocrx_word' id='word_1_7' title='bbox 1406 180 1596 213; x_wconf 82' lang='lat' dir='ltr'>tyrannus.</span> <span class='ocrx_word' id='word_1_8' title='bbox 1850 163 1905 201; x_wconf 75' lang='grc'>55</span> 
     </span>
    </p>
   </div>
   <div class='ocr_carea' id='block_1_2' title="bbox 211 273 1905 435">
    <p class='ocr_par' dir='ltr' id='par_1_2' title="bbox 211 273 1905 435">
     <span class='ocr_line' id='line_1_2' title="bbox 212 273 1905 322; baseline 0.001 -13"><span class='ocrx_word' id='word_1_9' title='bbox 212 284 307 310; x_wconf 79' lang='lat' dir='ltr'>mus</span> <span class='ocrx_word' id='word_1_10' title='bbox 336 273 523 310; x_wconf 78' lang='lat' dir='ltr'>fabulam</span> <span class='ocrx_word' id='word_1_11' title='bbox 549 275 659 311; x_wconf 86' lang='lat' dir='ltr'>hanc</span> <span class='ocrx_word' id='word_1_12' title='bbox 686 282 900 321; x_wconf 77' lang='lat' dir='ltr'>sumptam</span> <span class='ocrx_word' id='word_1_13' title='bbox 928 286 1022 311; x_wconf 89' lang='grc'>6556</span> <span class='ocrx_word' id='word_1_14' title='bbox 1042 275 1094 312; x_wconf 89' lang='lat' dir='ltr'>de</span> <span class='ocrx_word' id='word_1_15' title='bbox 1112 275 1320 312; x_wconf 85' lang='lat' dir='ltr'>Phaedro.</span> <span class='ocrx_word' id='word_1_16' title='bbox 1341 281 1382 311; x_wconf 87' lang='lat' dir='ltr'>at</span> <span class='ocrx_word' id='word_1_17' title='bbox 1399 282 1530 321; x_wconf 80' lang='lat' dir='ltr'>negat</span> <span class='ocrx_word' id='word_1_18' title='bbox 1547 275 1692 311; x_wconf 80' lang='lat' dir='ltr'>THlELE</span> <span class='ocrx_word' id='word_1_19' title='bbox 1709 287 1747 322; x_wconf 88' lang='lat' dir='ltr'>p.</span> <span class='ocrx_word' id='word_1_20' title='bbox 1766 276 1905 312; x_wconf 83' lang='lat' dir='ltr'>LVIII</span> 
     </span>
     <span class='ocr_line' id='line_1_3' title="bbox 213 326 1905 375; baseline 0.002 -13"><span class='ocrx_word' id='word_1_21' title='bbox 213 332 253 362; x_wconf 92' lang='lat' dir='ltr'>et</span> <span class='ocrx_word' id='word_1_22' title='bbox 284 326 435 363; x_wconf 71' lang='lat' dir='ltr'>XXVI.</span> <span class='ocrx_word' id='word_1_23' title='bbox 471 334 511 363; x_wconf 88' lang='lat' dir='ltr'>at</span> <span class='ocrx_word' id='word_1_24' title='bbox 544 327 586 363; x_wconf 91' lang='lat' dir='ltr'>id</span> <span class='ocrx_word' id='word_1_25' title='bbox 617 328 777 370; x_wconf 72' lang='lat' dir='ltr'>leviter.</span> <span class='ocrx_word' id='word_1_26' title='bbox 807 334 851 364; x_wconf 87' lang='lat' dir='ltr'>ut</span> <span class='ocrx_word' id='word_1_27' title='bbox 877 329 1019 364; x_wconf 89' lang='lat' dir='ltr'>multa.</span> <span class='ocrx_word' id='word_1_28' title='bbox 1048 329 1118 375; x_wconf 89' lang='lat' dir='ltr'>qui</span> <span class='ocrx_word' id='word_1_29' title='bbox 1146 328 1467 375; x_wconf 74' lang='lat' dir='ltr'>quaestionibus</span> <span class='ocrx_word' id='word_1_30' title='bbox 1496 329 1707 365; x_wconf 79' lang='lat' dir='ltr'>accuratis</span> <span class='ocrx_word' id='word_1_31' title='bbox 1734 335 1905 365; x_wconf 80' lang='lat' dir='ltr'>senten-</span> 
     </span>
     <span class='ocr_line' id='line_1_4' title="bbox 211 379 1022 435; baseline 0.002 -20"><span class='ocrx_word' id='word_1_32' title='bbox 211 379 465 435; x_wconf 26' lang='lat' dir='ltr'>tiam-Suam</span> <span class='ocrx_word' id='word_1_33' title='bbox 493 381 750 417; x_wconf 83' lang='lat' dir='ltr'>confirmare</span> <span class='ocrx_word' id='word_1_34' title='bbox 777 392 862 417; x_wconf 90' lang='lat' dir='ltr'>non</span> <span class='ocrx_word' id='word_1_35' title='bbox 891 388 1022 418; x_wconf 90' lang='lat' dir='ltr'>curat.</span> 
     </span>
    </p>
   </div>
   <div class='ocr_carea' id='block_1_3' title="bbox 384 643 1734 690">
    <p class='ocr_par' dir='ltr' id='par_1_3' title="bbox 384 643 1734 690">
     <span class='ocr_line' id='line_1_5' title="bbox 384 643 1734 690; baseline -0.001 0"><span class='ocrx_word' id='word_1_36' title='bbox 384 645 548 690; x_wconf 77' lang='lat' dir='ltr'><strong>XXV.</strong></span> <span class='ocrx_word' id='word_1_37' title='bbox 612 644 745 690; x_wconf 82' lang='lat' dir='ltr'>LEO</span> <span class='ocrx_word' id='word_1_38' title='bbox 778 643 1163 689; x_wconf 77' lang='lat' dir='ltr'><strong>TYRANNVS.</strong></span> <span class='ocrx_word' id='word_1_39' title='bbox 1226 648 1424 687; x_wconf 69' lang='lat' dir='ltr'>Metram</span> <span class='ocrx_word' id='word_1_40' title='bbox 1458 648 1734 689; x_wconf 73' lang='lat' dir='ltr'>restz&#39;ttttmn.</span> 
     </span>
    </p>
   </div>
   <div class='ocr_carea' id='block_1_4' title="bbox 145 765 1528 2661">
    <p class='ocr_par' dir='ltr' id='par_1_4' title="bbox 211 765 1430 887">
     <span class='ocr_line' id='line_1_6' title="bbox 211 765 1430 818; baseline -0.001 -13"><span class='ocrx_word' id='word_1_41' title='bbox 211 766 392 806; x_wconf 88' lang='lat' dir='ltr'>Tacere</span> <span class='ocrx_word' id='word_1_42' title='bbox 427 766 536 818; x_wconf 72' lang='lat' dir='ltr'>[ubl]</span> <span class='ocrx_word' id='word_1_43' title='bbox 572 772 867 815; x_wconf 83' lang='lat' dir='ltr'>tormentum,</span> <span class='ocrx_word' id='word_1_44' title='bbox 906 765 1027 818; x_wconf 75' lang='lat' dir='ltr'>[par]</span> <span class='ocrx_word' id='word_1_45' title='bbox 1062 772 1260 816; x_wconf 80' lang='lat' dir='ltr'>poenast</span> <span class='ocrx_word' id='word_1_46' title='bbox 1294 766 1430 817; x_wconf 88' lang='lat' dir='ltr'>loqui.</span> 
     </span>
     <span class='ocr_line' id='line_1_7' title="bbox 213 836 1180 887; baseline -0.001 -10"><span class='ocrx_word' id='word_1_47' title='bbox 213 836 329 877; x_wconf 88' lang='lat' dir='ltr'>Cum</span> <span class='ocrx_word' id='word_1_48' title='bbox 362 849 412 876; x_wconf 88' lang='grc'>56</span> <span class='ocrx_word' id='word_1_49' title='bbox 446 836 652 876; x_wconf 77' lang='lat' dir='ltr'>ferarum</span> <span class='ocrx_word' id='word_1_50' title='bbox 684 848 848 887; x_wconf 76' lang='lat' dir='ltr'>regem</span> <span class='ocrx_word' id='word_1_51' title='bbox 880 836 1073 876; x_wconf 71' lang='lat' dir='ltr'>iecisset</span> <span class='ocrx_word' id='word_1_52' title='bbox 1106 837 1180 876; x_wconf 91' lang='lat' dir='ltr'>leo</span> 
     </span>
    </p>

    <p class='ocr_par' dir='ltr' id='par_1_5' title="bbox 211 906 1203 958">
     <span class='ocr_line' id='line_1_8' title="bbox 211 906 1203 958; baseline 0 -12"><span class='ocrx_word' id='word_1_53' title='bbox 211 907 268 946; x_wconf 90' lang='lat' dir='ltr'>Et</span> <span class='ocrx_word' id='word_1_54' title='bbox 301 907 551 958; x_wconf 82' lang='lat' dir='ltr'>aequitatis</span> <span class='ocrx_word' id='word_1_55' title='bbox 584 908 726 947; x_wconf 88' lang='lat' dir='ltr'>vellet</span> <span class='ocrx_word' id='word_1_56' title='bbox 760 906 933 946; x_wconf 73' lang='lat' dir='ltr'>famam</span> <span class='ocrx_word' id='word_1_57' title='bbox 967 907 1203 958; x_wconf 82' lang='lat' dir='ltr'>consequi,</span> 
     </span>
    </p>

    <p class='ocr_par' dir='ltr' id='par_1_6' title="bbox 212 977 1088 1029">
     <span class='ocr_line' id='line_1_9' title="bbox 212 977 1088 1029; baseline 0 -12"><span class='ocrx_word' id='word_1_58' title='bbox 212 977 255 1017; x_wconf 83' lang='lat' dir='ltr'><strong>A</strong></span> <span class='ocrx_word' id='word_1_59' title='bbox 287 977 482 1029; x_wconf 79' lang='lat' dir='ltr'>pristina</span> <span class='ocrx_word' id='word_1_60' title='bbox 515 977 702 1018; x_wconf 83' lang='lat' dir='ltr'>deflexit</span> <span class='ocrx_word' id='word_1_61' title='bbox 737 978 1088 1018; x_wconf 80' lang='lat' dir='ltr'>consuetudine.</span> 
     </span>
    </p>

    <p class='ocr_par' dir='ltr' id='par_1_7' title="bbox 165 1048 1265 1243">
     <span class='ocr_line' id='line_1_10' title="bbox 165 1048 1265 1101; baseline 0 -13"><span class='ocrx_word' id='word_1_62' title='bbox 165 1059 184 1087; x_wconf 80' lang='lat'>5</span> <span class='ocrx_word' id='word_1_63' title='bbox 212 1048 367 1101; x_wconf 84' lang='lat' dir='ltr'>Atque</span> <span class='ocrx_word' id='word_1_64' title='bbox 401 1049 523 1088; x_wconf 86' lang='lat' dir='ltr'>inter</span> <span class='ocrx_word' id='word_1_65' title='bbox 554 1048 671 1099; x_wconf 80' lang='lat' dir='ltr'>illas,</span> <span class='ocrx_word' id='word_1_66' title='bbox 705 1049 832 1089; x_wconf 91' lang='lat' dir='ltr'>tenui</span> <span class='ocrx_word' id='word_1_67' title='bbox 867 1055 1114 1089; x_wconf 78' lang='lat' dir='ltr'>contentus</span> <span class='ocrx_word' id='word_1_68' title='bbox 1148 1049 1265 1099; x_wconf 80' lang='lat' dir='ltr'>cibo,</span> 
     </span>
     <span class='ocr_line' id='line_1_11' title="bbox 213 1119 1220 1172; baseline 0.001 -13"><span class='ocrx_word' id='word_1_69' title='bbox 213 1119 387 1160; x_wconf 83' lang='lat' dir='ltr'>Sancta</span> <span class='ocrx_word' id='word_1_70' title='bbox 420 1120 691 1172; x_wconf 89' lang='lat' dir='ltr'>incorrupta</span> <span class='ocrx_word' id='word_1_71' title='bbox 724 1121 824 1160; x_wconf 89' lang='lat' dir='ltr'>iura</span> <span class='ocrx_word' id='word_1_72' title='bbox 855 1121 1083 1160; x_wconf 89' lang='lat' dir='ltr'>reddebat</span> <span class='ocrx_word' id='word_1_73' title='bbox 1117 1120 1220 1160; x_wconf 88' lang='lat' dir='ltr'>fide.</span> 
     </span>
     <span class='ocr_line' id='line_1_12' title="bbox 211 1191 1178 1243; baseline 0.001 -13"><span class='ocrx_word' id='word_1_74' title='bbox 211 1191 463 1242; x_wconf 76' lang='lat' dir='ltr'>Postquam</span> <span class='ocrx_word' id='word_1_75' title='bbox 496 1193 655 1231; x_wconf 83' lang='lat' dir='ltr'>labare</span> <span class='ocrx_word' id='word_1_76' title='bbox 691 1191 845 1243; x_wconf 85' lang='lat' dir='ltr'>coepit</span> <span class='ocrx_word' id='word_1_77' title='bbox 878 1192 1178 1243; x_wconf 87' lang='lat' dir='ltr'>paenitentia,</span> 
     </span>
    </p>

    <p class='ocr_par' dir='ltr' id='par_1_8' title="bbox 212 1261 1343 1385">
     <span class='ocr_line' id='line_1_13' title="bbox 212 1261 1343 1315; baseline 0 -13"><span class='ocrx_word' id='word_1_78' title='bbox 212 1261 393 1302; x_wconf 80' lang='lat' dir='ltr'>Mutare</span> <span class='ocrx_word' id='word_1_79' title='bbox 430 1262 568 1315; x_wconf 74' lang='lat' dir='ltr'>[quia]</span> <span class='ocrx_word' id='word_1_80' title='bbox 604 1275 695 1302; x_wconf 91' lang='lat' dir='ltr'>non</span> <span class='ocrx_word' id='word_1_81' title='bbox 728 1263 876 1314; x_wconf 88' lang='lat' dir='ltr'>potuit</span> <span class='ocrx_word' id='word_1_82' title='bbox 908 1269 1123 1302; x_wconf 84' lang='lat' dir='ltr'>naturam</span> <span class='ocrx_word' id='word_1_83' title='bbox 1159 1262 1343 1315; x_wconf 50' lang='grc' dir='ltr'>[διφυῆ.</span> 
     </span>
     <span class='ocr_line' id='line_1_14' title="bbox 215 1333 1224 1385; baseline 0 -13"><span class='ocrx_word' id='word_1_84' title='bbox 215 1333 449 1372; x_wconf 79' lang='lat' dir='ltr'>Seducere</span> <span class='ocrx_word' id='word_1_85' title='bbox 483 1333 528 1373; x_wconf 90' lang='lat' dir='ltr'>in</span> <span class='ocrx_word' id='word_1_86' title='bbox 561 1341 796 1374; x_wconf 76' lang='lat' dir='ltr'>secretum</span> <span class='ocrx_word' id='word_1_87' title='bbox 831 1333 985 1385; x_wconf 92' lang='lat' dir='ltr'>coepit</span> <span class='ocrx_word' id='word_1_88' title='bbox 1018 1333 1224 1384; x_wconf 76' lang='lat' dir='ltr'>singulas</span> 
     </span>
    </p>

    <p class='ocr_par' dir='ltr' id='par_1_9' title="bbox 146 1403 1194 1456">
     <span class='ocr_line' id='line_1_15' title="bbox 146 1403 1194 1456; baseline -0.002 -10"><span class='ocrx_word' id='word_1_89' title='bbox 146 1416 185 1446; x_wconf 82' lang='lat'>10</span> <span class='ocrx_word' id='word_1_90' title='bbox 213 1403 400 1455; x_wconf 80' lang='lat' dir='ltr'>Rogare</span> <span class='ocrx_word' id='word_1_91' title='bbox 436 1404 666 1444; x_wconf 69' lang='lat' dir='ltr'>et²iallax</span> <span class='ocrx_word' id='word_1_92' title='bbox 698 1418 750 1444; x_wconf 78' lang='lat' dir='ltr'>os</span> <span class='ocrx_word' id='word_1_93' title='bbox 783 1417 843 1444; x_wconf 87' lang='lat' dir='ltr'>an</span> <span class='ocrx_word' id='word_1_94' title='bbox 875 1410 1060 1456; x_wconf 89' lang='lat' dir='ltr'>puteret</span> <span class='ocrx_word' id='word_1_95' title='bbox 1093 1404 1194 1444; x_wconf 81' lang='lat' dir='ltr'>sibi.</span> 
     </span>
    </p>

    <p class='ocr_par' dir='ltr' id='par_1_10' title="bbox 215 1475 1313 1599">
     <span class='ocr_line' id='line_1_16' title="bbox 215 1475 1313 1528; baseline 0 -14"><span class='ocrx_word' id='word_1_96' title='bbox 215 1475 306 1514; x_wconf 78' lang='lat' dir='ltr'>Seu</span> <span class='ocrx_word' id='word_1_97' title='bbox 338 1487 503 1514; x_wconf 77' lang='lat' dir='ltr'>verum</span> <span class='ocrx_word' id='word_1_98' title='bbox 535 1488 617 1515; x_wconf 70' lang='lat' dir='ltr'>sen</span> <span class='ocrx_word' id='word_1_99' title='bbox 650 1476 754 1528; x_wconf 50' lang='grc' dir='ltr'>(μηδ</span> <span class='ocrx_word' id='word_1_100' title='bbox 787 1475 974 1516; x_wconf 61' lang='lat' dir='ltr'>dixerat</span> <span class='ocrx_word' id='word_1_101' title='bbox 1003 1475 1313 1523; x_wconf 78' lang='lat' dir='ltr'>mendacium,</span> 
     </span>
     <span class='ocr_line' id='line_1_17' title="bbox 215 1530 1172 1599; baseline 0.001 -14"><span class='ocrx_word' id='word_1_102' title='bbox 215 1544 318 1598; x_wconf 67' lang='lat' dir='ltr'><em>[Ibi]</em></span> <span class='ocrx_word' id='word_1_103' title='bbox 354 1530 618 1587; x_wconf 76' lang='lat' dir='ltr'>laniabatur</span> <span class='ocrx_word' id='word_1_104' title='bbox 651 1555 698 1587; x_wconf 88' lang='lat' dir='ltr'>ut</span> <span class='ocrx_word' id='word_1_105' title='bbox 732 1553 1023 1587; x_wconf 80' lang='lat' dir='ltr'>saturaretur</span> <span class='ocrx_word' id='word_1_106' title='bbox 1058 1546 1172 1599; x_wconf 79' lang='lat' dir='ltr'>[leo].</span> 
     </span>
    </p>

    <p class='ocr_par' dir='ltr' id='par_1_11' title="bbox 213 1617 1371 1729">
     <span class='ocr_line' id='line_1_18' title="bbox 213 1617 1371 1669; baseline 0.001 -13"><span class='ocrx_word' id='word_1_107' title='bbox 213 1617 344 1657; x_wconf 90' lang='lat' dir='ltr'>Haec</span> <span class='ocrx_word' id='word_1_108' title='bbox 380 1629 485 1657; x_wconf 86' lang='lat' dir='ltr'>cum</span> <span class='ocrx_word' id='word_1_109' title='bbox 517 1617 708 1658; x_wconf 75' lang='lat' dir='ltr'>fecisset</span> <span class='ocrx_word' id='word_1_110' title='bbox 741 1618 909 1667; x_wconf 81' lang='lat' dir='ltr'>multis,</span> <span class='ocrx_word' id='word_1_111' title='bbox 943 1625 1078 1669; x_wconf 82' lang='lat' dir='ltr'>rogat</span> <span class='ocrx_word' id='word_1_112' title='bbox 1113 1625 1157 1657; x_wconf 89' lang='lat' dir='ltr'>et</span> <span class='ocrx_word' id='word_1_113' title='bbox 1191 1618 1371 1657; x_wconf 79' lang='lat' dir='ltr'>simium</span> 
     </span>
     <span class='ocr_line' id='line_1_19' title="bbox 216 1687 1175 1729; baseline 0.001 -2"><span class='ocrx_word' id='word_1_114' title='bbox 216 1687 279 1727; x_wconf 81' lang='lat' dir='ltr'>Os</span> <span class='ocrx_word' id='word_1_115' title='bbox 313 1700 370 1727; x_wconf 88' lang='lat' dir='ltr'>an</span> <span class='ocrx_word' id='word_1_116' title='bbox 404 1688 618 1729; x_wconf 72' lang='lat' dir='ltr'>foeteret.</span> <span class='ocrx_word' id='word_1_117' title='bbox 652 1689 729 1728; x_wconf 91' lang='lat' dir='ltr'>ille</span> <span class='ocrx_word' id='word_1_118' title='bbox 763 1701 876 1729; x_wconf 78' lang='lat' dir='ltr'>vero</span> <span class='ocrx_word' id='word_1_119' title='bbox 911 1688 1175 1728; x_wconf 77' lang='lat' dir='ltr'>cinnamum</span> 
     </span>
    </p>

    <p class='ocr_par' dir='ltr' id='par_1_12' title="bbox 147 1758 1120 1810">
     <span class='ocr_line' id='line_1_20' title="bbox 147 1758 1120 1810; baseline -0.001 -10"><span class='ocrx_word' id='word_1_120' title='bbox 147 1770 186 1800; x_wconf 76' lang='lat'>15</span> <span class='ocrx_word' id='word_1_121' title='bbox 215 1758 354 1798; x_wconf 89' lang='lat' dir='ltr'>Olere</span> <span class='ocrx_word' id='word_1_122' title='bbox 388 1758 514 1809; x_wconf 82' lang='lat' dir='ltr'>dixit,</span> <span class='ocrx_word' id='word_1_123' title='bbox 550 1759 682 1810; x_wconf 78' lang='lat' dir='ltr'>quasi</span> <span class='ocrx_word' id='word_1_124' title='bbox 714 1759 907 1799; x_wconf 89' lang='lat' dir='ltr'>deorum</span> <span class='ocrx_word' id='word_1_125' title='bbox 940 1759 1120 1799; x_wconf 84' lang='lat' dir='ltr'>altaria.</span> 
     </span>
    </p>

    <p class='ocr_par' dir='ltr' id='par_1_13' title="bbox 213 1828 1381 2092">
     <span class='ocr_line' id='line_1_21' title="bbox 217 1828 1304 1883; baseline 0.001 -15"><span class='ocrx_word' id='word_1_126' title='bbox 217 1828 343 1882; x_wconf 79' lang='lat' dir='ltr'>[Leo]</span> <span class='ocrx_word' id='word_1_127' title='bbox 379 1837 489 1870; x_wconf 88' lang='lat' dir='ltr'>tunc</span> <span class='ocrx_word' id='word_1_128' title='bbox 523 1830 739 1883; x_wconf 85' lang='lat' dir='ltr'>er[ubu]it</span> <span class='ocrx_word' id='word_1_129' title='bbox 772 1831 1066 1870; x_wconf 79' lang='lat' dir='ltr'>laudatorem</span> <span class='ocrx_word' id='word_1_130' title='bbox 1100 1830 1304 1870; x_wconf 88' lang='lat' dir='ltr'>laedere.</span> 
     </span>
     <span class='ocr_line' id='line_1_22' title="bbox 213 1900 1381 1954; baseline 0 -14"><span class='ocrx_word' id='word_1_131' title='bbox 213 1900 399 1940; x_wconf 81' lang='lat' dir='ltr'>Fraude</span> <span class='ocrx_word' id='word_1_132' title='bbox 436 1900 614 1954; x_wconf 67' lang='lat' dir='ltr'>[Igitur]</span> <span class='ocrx_word' id='word_1_133' title='bbox 649 1913 765 1941; x_wconf 74' lang='lat' dir='ltr'>usus</span> <span class='ocrx_word' id='word_1_134' title='bbox 796 1913 900 1941; x_wconf 74' lang='lat' dir='ltr'>Sese</span> <span class='ocrx_word' id='word_1_135' title='bbox 934 1901 1064 1941; x_wconf 84' lang='lat' dir='ltr'>finxit</span> <span class='ocrx_word' id='word_1_136' title='bbox 1097 1901 1381 1951; x_wconf 72' lang='lat' dir='ltr'>languidum.</span> 
     </span>
     <span class='ocr_line' id='line_1_23' title="bbox 215 1971 1336 2023; baseline 0 -12"><span class='ocrx_word' id='word_1_137' title='bbox 215 1971 444 2011; x_wconf 86' lang='lat' dir='ltr'>Continuo</span> <span class='ocrx_word' id='word_1_138' title='bbox 479 1979 708 2023; x_wconf 86' lang='lat' dir='ltr'>quaerunt</span> <span class='ocrx_word' id='word_1_139' title='bbox 741 1972 910 2012; x_wconf 90' lang='lat' dir='ltr'>medici</span> <span class='ocrx_word' id='word_1_140' title='bbox 943 1981 1043 2021; x_wconf 79' lang='lat' dir='ltr'>quod</span> <span class='ocrx_word' id='word_1_141' title='bbox 1069 1981 1193 2011; x_wconf 68' lang='lat' dir='ltr'>morbi</span> <span class='ocrx_word' id='word_1_142' title='bbox 1217 1990 1336 2020; x_wconf 79' lang='lat' dir='ltr'>genus</span> 
     </span>
     <span class='ocr_line' id='line_1_24' title="bbox 218 2050 1028 2092; baseline -0.001 -11"><span class='ocrx_word' id='word_1_143' title='bbox 218 2050 279 2082; x_wconf 84' lang='lat' dir='ltr'>Sit</span> <span class='ocrx_word' id='word_1_144' title='bbox 304 2051 404 2082; x_wconf 76' lang='lat' dir='ltr'><em>illud</em></span> <span class='ocrx_word' id='word_1_145' title='bbox 430 2052 636 2092; x_wconf 81' lang='lat' dir='ltr'>expellique</span> <span class='ocrx_word' id='word_1_146' title='bbox 664 2062 734 2092; x_wconf 85' lang='lat' dir='ltr'>qno</span> <span class='ocrx_word' id='word_1_147' title='bbox 761 2053 880 2092; x_wconf 81' lang='lat' dir='ltr'>possit</span> <span class='ocrx_word' id='word_1_148' title='bbox 908 2052 1028 2083; x_wconf 83' lang='lat' dir='ltr'>modo.</span> 
     </span>
    </p>

    <p class='ocr_par' dir='ltr' id='par_1_14' title="bbox 145 2113 1528 2449">
     <span class='ocr_line' id='line_1_25' title="bbox 145 2113 1086 2155; baseline 0 -2"><span class='ocrx_word' id='word_1_149' title='bbox 145 2123 188 2153; x_wconf 74' lang='lat'>‘20</span> <span class='ocrx_word' id='word_1_150' title='bbox 216 2113 427 2154; x_wconf 79' lang='lat' dir='ltr'>Tentatis</span> <span class='ocrx_word' id='word_1_151' title='bbox 458 2114 593 2154; x_wconf 77' lang='lat' dir='ltr'>venis</span> <span class='ocrx_word' id='word_1_152' title='bbox 627 2121 728 2154; x_wconf 88' lang='lat' dir='ltr'>erat</span> <span class='ocrx_word' id='word_1_153' title='bbox 760 2114 1086 2155; x_wconf 73' lang='lat' dir='ltr'>inenarrabilis</span> 
     </span>
     <span class='ocr_line' id='line_1_26' title="bbox 216 2184 1167 2237; baseline 0.002 -14"><span class='ocrx_word' id='word_1_154' title='bbox 216 2184 383 2224; x_wconf 81' lang='lat' dir='ltr'>Pulsus</span> <span class='ocrx_word' id='word_1_155' title='bbox 418 2184 580 2237; x_wconf 72' lang='lat' dir='ltr'>[leoni.</span> <span class='ocrx_word' id='word_1_156' title='bbox 601 2185 689 2237; x_wconf 70' lang='lat' dir='ltr'>cui]</span> <span class='ocrx_word' id='word_1_157' title='bbox 724 2186 948 2225; x_wconf 78' lang='lat' dir='ltr'>suadetur</span> <span class='ocrx_word' id='word_1_158' title='bbox 981 2197 1167 2225; x_wconf 80' lang='lat' dir='ltr'>sumere</span> 
     </span>
     <span class='ocr_line' id='line_1_27' title="bbox 218 2254 1265 2309; baseline 0.002 -15"><span class='ocrx_word' id='word_1_159' title='bbox 218 2254 383 2294; x_wconf 88' lang='lat' dir='ltr'>Cibum</span> <span class='ocrx_word' id='word_1_160' title='bbox 415 2255 458 2294; x_wconf 90' lang='lat' dir='ltr'>in</span> <span class='ocrx_word' id='word_1_161' title='bbox 494 2256 710 2309; x_wconf 77' lang='lat' dir='ltr'>quietem,</span> <span class='ocrx_word' id='word_1_162' title='bbox 746 2257 822 2307; x_wconf 91' lang='lat' dir='ltr'>qui</span> <span class='ocrx_word' id='word_1_163' title='bbox 855 2258 982 2296; x_wconf 83' lang='lat' dir='ltr'>levet</span> <span class='ocrx_word' id='word_1_164' title='bbox 1015 2256 1265 2296; x_wconf 74' lang='lat' dir='ltr'>fastidium.</span> 
     </span>
     <span class='ocr_line' id='line_1_28' title="bbox 220 2325 1399 2380; baseline 0.003 -15"><span class='ocrx_word' id='word_1_165' title='bbox 220 2325 383 2378; x_wconf 72' lang='lat' dir='ltr'>[Quem</span> <span class='ocrx_word' id='word_1_166' title='bbox 415 2326 553 2366; x_wconf 77' lang='lat' dir='ltr'><em>vellet</em></span> <span class='ocrx_word' id='word_1_167' title='bbox 582 2327 793 2380; x_wconf 56' lang='lat' dir='ltr'>caperet]</span> <span class='ocrx_word' id='word_1_168' title='bbox 828 2327 1019 2378; x_wconf 77' lang='lat' dir='ltr'>regibus</span> <span class='ocrx_word' id='word_1_169' title='bbox 1051 2328 1119 2367; x_wconf 80' lang='lat' dir='ltr'>m’l</span> <span class='ocrx_word' id='word_1_170' title='bbox 1149 2340 1243 2368; x_wconf 77' lang='lat' dir='ltr'>non</span> <span class='ocrx_word' id='word_1_171' title='bbox 1276 2328 1399 2368; x_wconf 84' lang='lat' dir='ltr'>licet.</span> 
     </span>
     <span class='ocr_line' id='line_1_29' title="bbox 221 2396 1528 2449; baseline 0.002 -13"><span class='ocrx_word' id='word_1_172' title='bbox 221 2396 334 2449; x_wconf 77' lang='lat' dir='ltr'>[Leo</span> <span class='ocrx_word' id='word_1_173' title='bbox 369 2397 490 2449; x_wconf 77' lang='lat' dir='ltr'><em>tnnc]</em></span> <span class='ocrx_word' id='word_1_174' title='bbox 514 2410 521 2437; x_wconf 93' lang='lat'>:</span> <span class='ocrx_word' id='word_1_175' title='bbox 546 2397 730 2448; x_wconf 83' lang='lat' dir='ltr'>»ignota</span> <span class='ocrx_word' id='word_1_176' title='bbox 765 2404 835 2438; x_wconf 83' lang='lat' dir='ltr'>est</span> <span class='ocrx_word' id='word_1_177' title='bbox 868 2398 978 2438; x_wconf 90' lang='lat' dir='ltr'>mihi</span> <span class='ocrx_word' id='word_1_178' title='bbox 1012 2410 1147 2438; x_wconf 72' lang='lat' dir='ltr'>caro»</span> <span class='ocrx_word' id='word_1_179' title='bbox 1186 2398 1332 2449; x_wconf 87' lang='lat' dir='ltr'>inquit</span> <span class='ocrx_word' id='word_1_180' title='bbox 1372 2398 1528 2438; x_wconf 64' lang='lat' dir='ltr'>»simii</span> 
     </span>
    </p>

    <p class='ocr_par' dir='ltr' id='par_1_15' title="bbox 148 2467 1520 2661">
     <span class='ocr_line' id='line_1_30' title="bbox 148 2467 1520 2520; baseline 0.002 -14"><span class='ocrx_word' id='word_1_181' title='bbox 148 2476 190 2506; x_wconf 76' lang='lat'>25</span> <span class='ocrx_word' id='word_1_182' title='bbox 218 2469 376 2509; x_wconf 87' lang='lat' dir='ltr'>Velim</span> <span class='ocrx_word' id='word_1_183' title='bbox 409 2469 544 2517; x_wconf 89' lang='lat' dir='ltr'>hanc,</span> <span class='ocrx_word' id='word_1_184' title='bbox 582 2467 733 2520; x_wconf 78' lang='lat' dir='ltr'>[qnod]</span> <span class='ocrx_word' id='word_1_185' title='bbox 769 2468 845 2519; x_wconf 93' lang='lat' dir='ltr'>qui</span> <span class='ocrx_word' id='word_1_186' title='bbox 878 2468 934 2508; x_wconf 79' lang='lat' dir='ltr'>sit</span> <span class='ocrx_word' id='word_1_187' title='bbox 966 2469 1106 2508; x_wconf 67' lang='lat' dir='ltr'>huius</span> <span class='ocrx_word' id='word_1_188' title='bbox 1138 2469 1303 2519; x_wconf 84' lang='lat' dir='ltr'>ignoro</span> <span class='ocrx_word' id='word_1_189' title='bbox 1337 2481 1520 2520; x_wconf 65' lang='lat' dir='ltr'>sapor».</span> 
     </span>
     <span class='ocr_line' id='line_1_31' title="bbox 219 2540 1397 2590; baseline -0.001 -10"><span class='ocrx_word' id='word_1_190' title='bbox 219 2540 279 2580; x_wconf 86' lang='lat' dir='ltr'>Ut</span> <span class='ocrx_word' id='word_1_191' title='bbox 313 2546 384 2579; x_wconf 77' lang='lat' dir='ltr'>est</span> <span class='ocrx_word' id='word_1_192' title='bbox 416 2541 612 2589; x_wconf 80' lang='lat' dir='ltr'>locutus,</span> <span class='ocrx_word' id='word_1_193' title='bbox 647 2540 766 2579; x_wconf 87' lang='lat' dir='ltr'>bene</span> <span class='ocrx_word' id='word_1_194' title='bbox 801 2540 996 2590; x_wconf 80' lang='lat' dir='ltr'>loquens</span> <span class='ocrx_word' id='word_1_195' title='bbox 1028 2540 1210 2590; x_wconf 78' lang='lat' dir='ltr'>rapitur</span> <span class='ocrx_word' id='word_1_196' title='bbox 1242 2540 1397 2580; x_wconf 80' lang='lat' dir='ltr'>statim</span> 
     </span>
     <span class='ocr_line' id='line_1_32' title="bbox 219 2609 1175 2661; baseline 0 -11"><span class='ocrx_word' id='word_1_197' title='bbox 219 2610 427 2661; x_wconf 77' lang='lat' dir='ltr'>Regique</span> <span class='ocrx_word' id='word_1_198' title='bbox 459 2610 657 2650; x_wconf 74' lang='lat' dir='ltr'>offertur</span> <span class='ocrx_word' id='word_1_199' title='bbox 689 2616 734 2649; x_wconf 89' lang='lat' dir='ltr'>et</span> <span class='ocrx_word' id='word_1_200' title='bbox 767 2610 972 2649; x_wconf 71' lang='lat' dir='ltr'>laniatur</span> <span class='ocrx_word' id='word_1_201' title='bbox 1003 2609 1175 2650; x_wconf 79' lang='lat' dir='ltr'>simius.</span> 
     </span>
    </p>
   </div>
   <div class='ocr_carea' id='block_1_5' title="bbox 218 2748 1916 2955">
    <p class='ocr_par' dir='ltr' id='par_1_16' title="bbox 218 2748 1916 2955">
     <span class='ocr_line' id='line_1_33' title="bbox 219 2748 1916 2794; baseline 0 -9"><span class='ocrx_word' id='word_1_202' title='bbox 219 2760 353 2786; x_wconf 87' lang='lat' dir='ltr'>ranno</span> <span class='ocrx_word' id='word_1_203' title='bbox 381 2749 551 2785; x_wconf 78' lang='lat' dir='ltr'>fabulae</span> <span class='ocrx_word' id='word_1_204' title='bbox 578 2749 707 2786; x_wconf 76' lang='lat' dir='ltr'>fuisse</span> <span class='ocrx_word' id='word_1_205' title='bbox 733 2749 967 2792; x_wconf 79' lang='lat' dir='ltr'>finitimam,</span> <span class='ocrx_word' id='word_1_206' title='bbox 995 2759 1078 2794; x_wconf 89' lang='lat' dir='ltr'>qua</span> <span class='ocrx_word' id='word_1_207' title='bbox 1104 2748 1250 2784; x_wconf 75' lang='lat' dir='ltr'>nescio</span> <span class='ocrx_word' id='word_1_208' title='bbox 1279 2759 1362 2794; x_wconf 91' lang='lat' dir='ltr'>quo</span> <span class='ocrx_word' id='word_1_209' title='bbox 1389 2755 1515 2794; x_wconf 81' lang='lat' dir='ltr'>pacto</span> <span class='ocrx_word' id='word_1_210' title='bbox 1544 2749 1715 2794; x_wconf 72' lang='lat' dir='ltr'>omissa,</span> <span class='ocrx_word' id='word_1_211' title='bbox 1736 2749 1916 2785; x_wconf 75' lang='lat' dir='ltr'>confusa</span> 
     </span>
     <span class='ocr_line' id='line_1_34' title="bbox 219 2800 1915 2849; baseline -0.001 -10"><span class='ocrx_word' id='word_1_212' title='bbox 219 2813 313 2839; x_wconf 81' lang='lat' dir='ltr'>esse</span> <span class='ocrx_word' id='word_1_213' title='bbox 347 2803 602 2849; x_wconf 75' lang='lat' dir='ltr'>promythia‚</span> <span class='ocrx_word' id='word_1_214' title='bbox 637 2813 687 2838; x_wconf 76' lang='lat' dir='ltr'>ex</span> <span class='ocrx_word' id='word_1_215' title='bbox 719 2813 769 2838; x_wconf 86' lang='lat' dir='ltr'>eo</span> <span class='ocrx_word' id='word_1_216' title='bbox 798 2802 1041 2847; x_wconf 74' lang='lat' dir='ltr'>colligimus</span> <span class='ocrx_word' id='word_1_217' title='bbox 1069 2800 1194 2847; x_wconf 81' lang='lat' dir='ltr'>quod,</span> <span class='ocrx_word' id='word_1_218' title='bbox 1222 2811 1320 2836; x_wconf 91' lang='lat' dir='ltr'>cum</span> <span class='ocrx_word' id='word_1_219' title='bbox 1347 2801 1448 2837; x_wconf 73' lang='lat' dir='ltr'>folio</span> <span class='ocrx_word' id='word_1_220' title='bbox 1476 2801 1560 2837; x_wconf 69' lang='lat'>78¹0</span> <span class='ocrx_word' id='word_1_221' title='bbox 1589 2802 1700 2838; x_wconf 87' lang='lat' dir='ltr'>inter</span> <span class='ocrx_word' id='word_1_222' title='bbox 1727 2803 1915 2848; x_wconf 82' lang='lat' dir='ltr'>capitula</span> 
     </span>
     <span class='ocr_line' id='line_1_35' title="bbox 218 2853 1914 2903; baseline -0.001 -12"><span class='ocrx_word' id='word_1_223' title='bbox 218 2855 459 2892; x_wconf 74' lang='lat' dir='ltr'>fabularum</span> <span class='ocrx_word' id='word_1_224' title='bbox 491 2856 587 2892; x_wconf 85' lang='lat' dir='ltr'>libri</span> <span class='ocrx_word' id='word_1_225' title='bbox 621 2856 753 2903; x_wconf 88' lang='lat' dir='ltr'>quinti</span> <span class='ocrx_word' id='word_1_226' title='bbox 786 2856 827 2891; x_wconf 93' lang='lat' dir='ltr'>in</span> <span class='ocrx_word' id='word_1_227' title='bbox 855 2867 893 2891; x_wconf 84' lang='lat' dir='ltr'><strong>w</strong></span> <span class='ocrx_word' id='word_1_228' title='bbox 921 2859 1168 2891; x_wconf 87' lang='lat' dir='ltr'>enumerata</span> <span class='ocrx_word' id='word_1_229' title='bbox 1194 2854 1277 2890; x_wconf 79' lang='lat' dir='ltr'>sint</span> <span class='ocrx_word' id='word_1_230' title='bbox 1307 2853 1363 2889; x_wconf 81' lang='lat' dir='ltr'>»II</span> <span class='ocrx_word' id='word_1_231' title='bbox 1392 2854 1444 2890; x_wconf 89' lang='lat' dir='ltr'>de</span> <span class='ocrx_word' id='word_1_232' title='bbox 1470 2855 1757 2891; x_wconf 86' lang='lat' dir='ltr'>taciturnitate</span> <span class='ocrx_word' id='word_1_233' title='bbox 1784 2855 1914 2892; x_wconf 90' lang='lat' dir='ltr'>homi-</span> 
     </span>
     <span class='ocr_line' id='line_1_36' title="bbox 218 2907 1915 2955; baseline -0.001 -11"><span class='ocrx_word' id='word_1_234' title='bbox 218 2908 342 2945; x_wconf 80' lang='lat' dir='ltr'>nibus</span> <span class='ocrx_word' id='word_1_235' title='bbox 375 2909 494 2954; x_wconf 59' lang='lat' dir='ltr'>(sicli,</span> <span class='ocrx_word' id='word_1_236' title='bbox 528 2909 584 2945; x_wconf 86' lang='grc' dir='ltr'>ΙΙΙ</span> <span class='ocrx_word' id='word_1_237' title='bbox 622 2909 673 2945; x_wconf 88' lang='lat' dir='ltr'>de</span> <span class='ocrx_word' id='word_1_238' title='bbox 705 2919 809 2955; x_wconf 76' lang='lat' dir='ltr'>rege</span> <span class='ocrx_word' id='word_1_239' title='bbox 843 2908 1066 2952; x_wconf 71' lang='lat' dir='ltr'>ferarum»,</span> <span class='ocrx_word' id='word_1_240' title='bbox 1094 2913 1235 2942; x_wconf 87' lang='lat' dir='ltr'>tamen</span> <span class='ocrx_word' id='word_1_241' title='bbox 1264 2907 1363 2942; x_wconf 72' lang='lat' dir='ltr'>folio</span> <span class='ocrx_word' id='word_1_242' title='bbox 1390 2907 1436 2943; x_wconf 80' lang='lat'>79</span> <span class='ocrx_word' id='word_1_243' title='bbox 1462 2907 1655 2944; x_wconf 77' lang='lat' dir='ltr'>eiusdem</span> <span class='ocrx_word' id='word_1_244' title='bbox 1683 2908 1846 2945; x_wconf 81' lang='lat' dir='ltr'>codicis</span> <span class='ocrx_word' id='word_1_245' title='bbox 1874 2908 1915 2944; x_wconf 92' lang='lat' dir='ltr'>hi</span> 
     </span>
    </p>
   </div>
  </div>
 </body>
</html>
