2152 3229
246 140 302 179 32
806 155 953 187 Phaedri
981 157 1089 188 soluti
1116 157 1252 189 fabulae
1279 158 1384 189 XXX

429 272 462 311 ῳ
494 255 607 300 XV.
673 260 789 300 a43.
851 256 989 302 PAX
1022 257 1251 303 OVIVM
1286 257 1372 303 ET
1408 259 1757 307 LVPORVM.

246 352 373 391 Oves
406 359 451 392 et
483 352 577 404 lupi
611 365 716 393 cum
752 360 1014 395 certassent
1047 355 1246 406 proelio·

247 422 459 462 vicerunt
492 435 607 463 oves
639 429 768 464 tutae
802 425 1036 476 praesidio
1071 438 1252 467 canum.

244 493 338 544 lupi
377 494 562 544 legatos
600 495 787 535 mittunt
826 495 985 536 fictam
1026 504 1255 548 quaerunt
1294 509 1458 549 pacem
1610 505 1658 539 ut
1808 500 1943 541 dede-

362 571 466 604 rent
1326 586 1355 611 ,ἡ

197 643 216 669 Γ»
247 668 371 674 .....
407 647 458 675 56
492 636 603 688 ipsis
640 637 913 678 custodibus
946 638 1040 679 suis

175 995 216 1024 lt)

245 706 500 757 §perantes
544 707 651 747 illae
700 714 912 748 eternum
943 721 950 728 ·
985 716 1194 750 statuere
1241 710 1404 751 ioedus
1447 711 1677 752 dederunt
1822 713 1944 764 quod

362 777 447 828 ipsi
480 778 726 829 petierant.

244 849 353 888 Post
386 861 504 900 pace
538 849 665 890 facta
699 850 829 890 irrita

244 952 250 957 .
274 953 281 959 .
318 927 545 971 ceperunt
580 932 777 971 carpere
813 954 819 961 .
842 954 849 961 .
873 954 879 961 .
902 954 908 961 .

242 991 367 1030 nullo
402 990 658 1031 exsistente
692 991 970 1032 defensore·
1009 1027 1015 1033 .
1039 1025 1046 1032 .
1069 1026 1076 1033 .

243 1134 358 1173 Sero
398 1133 956 1184 penitentes-consilium
996 1146 1135 1186 quern
1175 1135 1323 1187 primo
1365 1135 1536 1176 dudum
1575 1136 1837 1191 habuerant
1871 1149 1943 1178 ac-

361 1205 603 1244 cusabant.

242 1275 318 1326 qui
351 1275 522 1315 auxilio
558 1308 595 1315 ..
630 1276 819 1316 tradere
854 1288 904 1316 se
939 1278 1037 1317 vult
1072 1277 1187 1316 alio·

241 1346 414 1386 frustra
446 1347 743 1397 postmodum
775 1347 970 1399 requirit
1004 1348 1190 1399 quando
1224 1347 1434 1387 invenire
1469 1348 1628 1399 nequit

358 1461 587 1497 Adnotatio.
638 1460 838 1498 Lacunas
873 1462 1036 1499 codicis
1070 1473 1093 1498 a
1125 1473 1208 1509 ego
1237 1463 1403 1499 ostendi
1432 1468 1473 1499 et
1498 1463 1706 1510 supplevi,
1735 1468 1872 1511 atque,
1899 1470 1944 1502 ut

239 1514 369 1561 potui,
402 1521 606 1561 corrupta
637 1516 800 1551 sanavi.
833 1537 878 1555 —,
911 1517 970 1551 12.
1002 1527 1099 1552 sera
1130 1516 1388 1562 paenitentia
1415 1516 1708 1553 BURMAN18e7‘0
1733 1517 1943 1563 paeniten-

238 1570 299 1603 tes
331 1578 366 1604 11.
401 1568 450 1604 01.
486 1572 517 1604 Φ
549 1568 565 1604 Ι
601 1568 653 1604 13.
685 1567 708 1604 ⁴2
740 1568 859 1615 turpi
884 1568 1153 1615 paenitentia,
1186 1575 1226 1606 et
1252 1569 1425 1607 Curtius
1452 1569 1568 1606 1112.
1599 1570 1641 1606 19
1666 1580 1763 1606 sera
1790 1570 1944 1608 deinde

236 1620 495 1667 paenitentia
521 1621 650 1658 subiit
676 1632 840 1667 regem.

357 1674 559 1711 Senarii
586 1686 723 1722 paene
742 1681 840 1712 sunt
858 1676 1015 1721 integri
1034 1676 1075 1712 in
1097 1687 1119 1712 a
1138 1687 1292 1713 versus
1313 1677 1342 1721 1,
1361 1676 1394 1721 2,
1413 1676 1446 1722 6,
1470 1676 1523 1713 10.
1544 1677 1668 1713 etiarn
1688 1677 1787 1713 alibi
1806 1677 1942 1724 pristi-

239 1739 293 1764 na
322 1727 580 1764 versificatio
608 1729 789 1764 tralucet
816 1729 1005 1775 quodam
1032 1729 1174 1774 modo,
1202 1730 1398 1777 reditque
1424 1730 1516 1766 sive
1543 1731 1692 1767 mutila
1718 1731 1942 1777 suppleve-

240 1781 298 1817 ris
324 1781 416 1817 sive
444 1781 646 1817 additicia
674 1786 714 1817 et
741 1782 912 1818 novicia
940 1782 1192 1819 removeris.

358 1834 449 1870 Iam
477 1834 721 1871 dictionis
748 1835 855 1871 haec
884 1846 1181 1872 commemoro
1210 1842 1253 1873 ut
1281 1837 1435 1873 similia
1462 1836 1659 1873 Phaedro
1684 1847 1771 1873 non
1790 1837 1942 1874 soluto.

242 1889 269 1923 1.
303 1890 511 1924 certarent
535 1905 579 1917 z
607 1888 864 1925 dimicarent
895 1905 927 1917 ω
962 1893 993 1925 Φ
1026 1889 1041 1925 Ι
1074 1889 1132 1925 30.
1164 1891 1188 1925 5
1221 1889 1273 1925 de
1306 1890 1549 1937 principatu
1584 1901 1681 1927 cum
1716 1890 1774 1926 illi
1801 1891 1941 1935 (tauri)

238 1943 445 1977 ‹tct‘rtczrent
470 1941 630 1987 gregis.
680 1941 713 1977 2.
741 1944 856 1977 tntae
882 1942 1099 1988 praesidio
1128 1953 1283 1979 canum
1311 1960 1342 1972 ω
1370 1947 1401 1980 Φ
1428 1943 1443 1979 Ι
1469 1942 1526 1980 28.
1553 1944 1576 1978 7
1603 1945 1693 1979 tuta
1720 1943 1814 1989 ipso
1834 1943 1941 1989 loco,

239 1994 276 2030 ΙΙ
301 1994 335 2030 6.
365 1994 407 2029 16
433 1997 523 2030 tnta
549 2000 731 2030 naturae
758 2006 947 2032 munere.
977 2017 1018 2021 —
1045 1996 1068 2032 3
1093 1995 1202 2042 Lupi
1230 1996 1394 2041 legatos
1420 1996 1594 2032 mittunt
1610 2012 1642 2025 fv
1663 2000 1694 2032 Φ
1713 1995 1772 2031 IV
1794 1996 1836 2032 18
1854 1996 1939 2041 (19).

241 2048 255 2083 1
291 2046 433 2083 Canes
461 2046 625 2091 leontos
652 2048 754 2084 olim
781 2048 933 2084 misere
960 2049 1013 2085 ad
1042 2048 1199 2085 Iovem.
1229 2070 1271 2074 —
1288 2049 1442 2095 fictam
1470 2060 1623 2096 pacem
1650 2066 1693 2078 z
1721 2050 1875 2086 falsam
1903 2061 1941 2097 p.

236 2118 268 2130 ω
303 2104 334 2137 Φ
365 2100 381 2136 I
418 2101 446 2137 1
476 2100 520 2136 15
553 2101 622 2147 qui
646 2100 764 2147 fictis
799 2102 941 2138 causis
968 2102 1220 2139 innocentes
1248 2102 1566 2161 opprimunt—
1619 2102 1772 2139 111515
1801 2104 1943 2140 causis

322 2175 364 2178 —
396 2154 419 2189 4
451 2160 495 2190 ut
530 2165 658 2191 canes
692 2154 771 2190 sibi
809 2154 1014 2199 dederent
1041 2156 1063 2191 i.
1094 2166 1127 2191 e.
1157 2155 1197 2191 in
1225 2166 1349 2191 suam
1376 2155 1464 2191 vim
1493 2165 1542 2191 ac
1570 2160 1826 2202 potestatem
1852 2171 1884 2184 ω
1913 2159 1944 2192 Φ

238 2181 297 2243 IV
329 2207 362 2242 4.
394 2207 437 2243 13
468 2207 644 2254 impune
678 2208 819 2254 potius
852 2208 964 2244 laedi
992 2219 1121 2255 quam
1148 2207 1244 2244 dede
1268 2208 1401 2244 z·1lteii.
1430 2229 1471 2233 —
1498 2209 1522 2244 5
1548 2207 1789 2244 custodibus
1816 2209 1942 2253 (cani-

238 2260 333 2305 bus)
365 2277 397 2289 w
434 2265 465 2297 Φ
497 2260 554 2296 ΙΙΙ
581 2261 613 2296 7,
640 2261 663 2297 9
689 2262 727 2306 (0
733 2261 839 2306 anis)
867 2264 1007 2297 custos
1034 2261 1200 2297 liminis.
1230 2281 1272 2286 —
1300 2261 1322 2297 6
1349 2261 1578 2307 §perantes
1603 2272 1693 2297 sese
1719 2267 1943 2298 aeternum

241 2313 391 2349 foedus
417 2315 602 2350 statuere
628 2316 765 2360 (spero
795 2324 892 2350 cum
921 2314 1130 2350 infinitivo
1158 2314 1466 2360 praesentis)
1494 2331 1525 2344 ω
1554 2318 1585 2351 Φ
1611 2313 1669 2350 ΙΙΙ
1699 2313 1817 2350 10.12
1844 2313 1941 2361 Spe-

483 2518 516 2557 cp
548 2501 685 2547 XVI.
751 2506 866 2546 2144.
931 2501 1219 2548 SECVRIS
1253 2502 1340 2547 ET
1373 2501 1700 2548 ARBORES.

239 2682 428 2722 Securis
468 2693 573 2722 cum
614 2681 776 2722 fuisset
811 2682 937 2723 iacta
968 2661 1235 2734 postulabat
1268 2683 1405 2723 homo
1440 2684 1634 2723 arbores
1667 2681 1752 2722 sibi
1785 2692 1939 2721 manu-

357 2753 506 2792 brium
540 2753 652 2793 dare
687 2753 743 2793 de
777 2753 902 2804 ligno
937 2754 1060 2805 quod
1094 2760 1218 2793 esset
1253 2754 1456 2793 omnium
1489 2753 1687 2793 firmior·

238 2822 454 2863 Oleastro
488 2824 723 2864 iusserunt
758 2831 942 2864 cetera·

193 2903 212 2929 5
241 2892 442 2945 Sumpsit
475 2895 614 2950 1101110
647 2895 939 2935 manubrium
975 2902 1135 2947 aptata
1168 2906 1334 2935 secure
