<?xml version="1.0" encoding="UTF-8"?>
<!DOCTYPE html PUBLIC "-//W3C//DTD XHTML 1.0 Transitional//EN"
    "http://www.w3.org/TR/xhtml1/DTD/xhtml1-transitional.dtd">
<html xmlns="http://www.w3.org/1999/xhtml" xml:lang="en" lang="en">
 <head>
  <title>
</title>
<meta http-equiv="Content-Type" content="text/html;charset=utf-8" />
  <meta name='ocr-system' content='tesseract 3.04.00' />
  <meta name='ocr-capabilities' content='ocr_page ocr_carea ocr_par ocr_line ocrx_word'/>
</head>
<body>
  <div class='ocr_page' id='page_1' title='image "./phaedrvssolvtvsv00phaeuoft_0015.png"; bbox 0 0 2152 3229; ppageno 0'>
   <div class='ocr_carea' id='block_1_1' title="bbox 829 204 1926 245">
    <p class='ocr_par' dir='ltr' id='par_1_1' title="bbox 829 204 1926 245">
     <span class='ocr_line' id='line_1_1' title="bbox 829 204 1926 245; baseline -0.004 -10"><span class='ocrx_word' id='word_1_1' title='bbox 829 204 917 245; x_wconf 83' lang='lat' dir='ltr'>Cap.</span> <span class='ocrx_word' id='word_1_2' title='bbox 944 205 970 235; x_wconf 94' lang='lat' dir='ltr'>I.</span> <span class='ocrx_word' id='word_1_3' title='bbox 1023 205 1078 236; x_wconf 94' lang='lat' dir='ltr'>De</span> <span class='ocrx_word' id='word_1_4' title='bbox 1105 205 1208 237; x_wconf 88' lang='lat' dir='ltr'>libris</span> <span class='ocrx_word' id='word_1_5' title='bbox 1236 216 1336 237; x_wconf 83' lang='lat' dir='ltr'>awr</span> <span class='ocrx_word' id='word_1_6' title='bbox 1886 205 1926 231; x_wconf 75' lang='grc' dir='ltr'>Χ]</span> 
     </span>
    </p>
   </div>
   <div class='ocr_carea' id='block_1_2' title="bbox 213 308 1928 2982">
    <p class='ocr_par' dir='ltr' id='par_1_2' title="bbox 226 308 1928 500">
     <span class='ocr_line' id='line_1_2' title="bbox 230 308 1927 361; baseline 0 -12"><span class='ocrx_word' id='word_1_7' title='bbox 230 308 562 360; x_wconf 89' lang='lat' dir='ltr'>compilatus</span> <span class='ocrx_word' id='word_1_8' title='bbox 614 314 695 348; x_wconf 85' lang='lat' dir='ltr'>est</span> <span class='ocrx_word' id='word_1_9' title='bbox 747 320 811 347; x_wconf 87' lang='lat' dir='ltr'>ex</span> <span class='ocrx_word' id='word_1_10' title='bbox 864 308 1226 350; x_wconf 87' lang='lat' dir='ltr'>Phaedrianis</span> <span class='ocrx_word' id='word_1_11' title='bbox 1279 309 1465 349; x_wconf 79' lang='lat' dir='ltr'>verbis</span> <span class='ocrx_word' id='word_1_12' title='bbox 1522 309 1927 361; x_wconf 77' lang='lat' dir='ltr'>sententiisque</span> 
     </span>
     <span class='ocr_line' id='line_1_3' title="bbox 227 378 1928 432; baseline 0.001 -14"><span class='ocrx_word' id='word_1_13' title='bbox 227 378 604 419; x_wconf 88' lang='lat' dir='ltr'>Phaedrianis.</span> <span class='ocrx_word' id='word_1_14' title='bbox 640 378 804 430; x_wconf 91' lang='lat' dir='ltr'>quodsi</span> <span class='ocrx_word' id='word_1_15' title='bbox 839 386 975 419; x_wconf 88' lang='lat' dir='ltr'>cento</span> <span class='ocrx_word' id='word_1_16' title='bbox 1009 380 1329 420; x_wconf 87' lang='lat' dir='ltr'>Phaedrianus</span> <span class='ocrx_word' id='word_1_17' title='bbox 1363 386 1433 420; x_wconf 91' lang='lat' dir='ltr'>est</span> <span class='ocrx_word' id='word_1_18' title='bbox 1468 380 1544 420; x_wconf 87' lang='lat' dir='ltr'>illa</span> <span class='ocrx_word' id='word_1_19' title='bbox 1568 380 1812 432; x_wconf 76' lang='lat' dir='ltr'>praefatio,</span> <span class='ocrx_word' id='word_1_20' title='bbox 1837 392 1928 420; x_wconf 89' lang='lat' dir='ltr'>non</span> 
     </span>
     <span class='ocr_line' id='line_1_4' title="bbox 226 449 1513 500; baseline 0.001 -11"><span class='ocrx_word' id='word_1_21' title='bbox 226 456 381 500; x_wconf 90' lang='lat' dir='ltr'>potest</span> <span class='ocrx_word' id='word_1_22' title='bbox 415 461 518 490; x_wconf 86' lang='lat' dir='ltr'>esse</span> <span class='ocrx_word' id='word_1_23' title='bbox 555 449 721 489; x_wconf 93' lang='lat' dir='ltr'>eadem</span> <span class='ocrx_word' id='word_1_24' title='bbox 755 461 813 489; x_wconf 83' lang='lat' dir='ltr'>ex</span> <span class='ocrx_word' id='word_1_25' title='bbox 846 461 1021 500; x_wconf 86' lang='lat' dir='ltr'>graeco</span> <span class='ocrx_word' id='word_1_26' title='bbox 1055 462 1196 490; x_wconf 82' lang='lat' dir='ltr'>versa</span> <span class='ocrx_word' id='word_1_27' title='bbox 1228 451 1274 490; x_wconf 90' lang='lat' dir='ltr'>in</span> <span class='ocrx_word' id='word_1_28' title='bbox 1307 450 1513 491; x_wconf 67' lang='lat' dir='ltr'>latinum.</span> 
     </span>
    </p>

    <p class='ocr_par' dir='ltr' id='par_1_3' title="bbox 215 520 1927 2754">
     <span class='ocr_line' id='line_1_5' title="bbox 344 520 1897 573; baseline 0.001 -13"><span class='ocrx_word' id='word_1_29' title='bbox 344 520 440 560; x_wconf 90' lang='lat' dir='ltr'>Iam</span> <span class='ocrx_word' id='word_1_30' title='bbox 462 520 644 560; x_wconf 79' lang='lat' dir='ltr'>fabulas</span> <span class='ocrx_word' id='word_1_31' title='bbox 667 531 697 561; x_wconf 86' lang='lat' dir='ltr'>a</span> <span class='ocrx_word' id='word_1_32' title='bbox 714 531 756 561; x_wconf 92' lang='lat' dir='ltr'><strong>w</strong></span> <span class='ocrx_word' id='word_1_33' title='bbox 774 531 798 561; x_wconf 77' lang='grc' dir='ltr'><strong>Ρ</strong></span> <span class='ocrx_word' id='word_1_34' title='bbox 820 521 1068 572; x_wconf 90' lang='lat' dir='ltr'>plerasque</span> <span class='ocrx_word' id='word_1_35' title='bbox 1094 522 1151 560; x_wconf 90' lang='lat' dir='ltr'>ab</span> <span class='ocrx_word' id='word_1_36' title='bbox 1180 521 1421 573; x_wconf 80' lang='lat' dir='ltr'>»Aesopo»</span> <span class='ocrx_word' id='word_1_37' title='bbox 1449 522 1526 561; x_wconf 90' lang='lat' dir='ltr'>illo</span> <span class='ocrx_word' id='word_1_38' title='bbox 1555 522 1639 562; x_wconf 75' lang='lat' dir='ltr'>»ad</span> <span class='ocrx_word' id='word_1_39' title='bbox 1662 522 1924 562; x_wconf 77' lang='lat' dir='ltr'>Xanthum</span> 
     </span>
     <span class='ocr_line' id='line_1_6' title="bbox 225 590 1927 644; baseline 0.001 -13"><span class='ocrx_word' id='word_1_40' title='bbox 225 603 414 643; x_wconf 86' lang='lat' dir='ltr'>graeco,</span> <span class='ocrx_word' id='word_1_41' title='bbox 450 603 587 642; x_wconf 88' lang='lat' dir='ltr'>quem</span> <span class='ocrx_word' id='word_1_42' title='bbox 621 590 843 630; x_wconf 83' lang='lat' dir='ltr'>confinxit</span> <span class='ocrx_word' id='word_1_43' title='bbox 877 597 1016 641; x_wconf 88' lang='lat' dir='ltr'>atque</span> <span class='ocrx_word' id='word_1_44' title='bbox 1051 599 1344 631; x_wconf 88' lang='lat' dir='ltr'>commentus</span> <span class='ocrx_word' id='word_1_45' title='bbox 1378 599 1461 641; x_wconf 83' lang='lat' dir='ltr'>est,</span> <span class='ocrx_word' id='word_1_46' title='bbox 1496 592 1666 643; x_wconf 82' lang='lat' dir='ltr'>petitas</span> <span class='ocrx_word' id='word_1_47' title='bbox 1700 604 1803 633; x_wconf 88' lang='lat' dir='ltr'>esse</span> <span class='ocrx_word' id='word_1_48' title='bbox 1838 593 1927 644; x_wconf 93' lang='lat' dir='ltr'>opi-</span> 
     </span>
     <span class='ocr_line' id='line_1_7' title="bbox 224 657 1927 713; baseline -0.001 -10"><span class='ocrx_word' id='word_1_49' title='bbox 224 668 374 711; x_wconf 80' lang='lat' dir='ltr'>natus,</span> <span class='ocrx_word' id='word_1_50' title='bbox 413 662 609 712; x_wconf 72' lang='lat' dir='ltr'>TfflELE,</span> <span class='ocrx_word' id='word_1_51' title='bbox 649 662 751 701; x_wconf 83' lang='lat' dir='ltr'>Lat.</span> <span class='ocrx_word' id='word_1_52' title='bbox 792 657 952 711; x_wconf 74' lang='lat' dir='ltr'>Aesop</span> <span class='ocrx_word' id='word_1_53' title='bbox 991 673 1032 712; x_wconf 88' lang='lat' dir='ltr'>p.</span> <span class='ocrx_word' id='word_1_54' title='bbox 1068 664 1106 700; x_wconf 87' lang='lat' dir='ltr'>X</span> <span class='ocrx_word' id='word_1_55' title='bbox 1136 674 1202 713; x_wconf 91' lang='lat' dir='ltr'>sq.</span> <span class='ocrx_word' id='word_1_56' title='bbox 1237 661 1303 701; x_wconf 91' lang='lat' dir='ltr'>sic</span> <span class='ocrx_word' id='word_1_57' title='bbox 1338 662 1516 701; x_wconf 79' lang='lat' dir='ltr'>scribit:</span> <span class='ocrx_word' id='word_1_58' title='bbox 1568 662 1749 702; x_wconf 84' lang='lat' dir='ltr'>»Schon</span> <span class='ocrx_word' id='word_1_59' title='bbox 1782 663 1927 703; x_wconf 82' lang='lat' dir='ltr'>durch</span> 
     </span>
     <span class='ocr_line' id='line_1_8' title="bbox 225 732 1925 784; baseline 0 -11"><span class='ocrx_word' id='word_1_60' title='bbox 225 733 449 784; x_wconf 84' lang='lat' dir='ltr'>Lessings</span> <span class='ocrx_word' id='word_1_61' title='bbox 471 732 698 772; x_wconf 82' lang='lat' dir='ltr'>Arbeiten</span> <span class='ocrx_word' id='word_1_62' title='bbox 722 732 881 771; x_wconf 86' lang='lat' dir='ltr'>Wurde</span> <span class='ocrx_word' id='word_1_63' title='bbox 906 732 991 771; x_wconf 85' lang='lat' dir='ltr'>der</span> <span class='ocrx_word' id='word_1_64' title='bbox 1014 732 1344 772; x_wconf 89' lang='lat' dir='ltr'>Grundirrtum</span> <span class='ocrx_word' id='word_1_65' title='bbox 1362 733 1597 783; x_wconf 74' lang='lat' dir='ltr'>befestigt,</span> <span class='ocrx_word' id='word_1_66' title='bbox 1619 733 1701 772; x_wconf 90' lang='lat' dir='ltr'>der</span> <span class='ocrx_word' id='word_1_67' title='bbox 1736 766 1741 772; x_wconf 96' lang='lat'>.</span> <span class='ocrx_word' id='word_1_68' title='bbox 1766 767 1772 773; x_wconf 93' lang='lat'><em>.</em></span> <span class='ocrx_word' id='word_1_69' title='bbox 1808 735 1925 774; x_wconf 84' lang='lat' dir='ltr'>auch</span> 
     </span>
     <span class='ocr_line' id='line_1_9' title="bbox 223 802 1926 854; baseline 0.001 -11"><span class='ocrx_word' id='word_1_70' title='bbox 223 804 369 843; x_wconf 86' lang='lat' dir='ltr'>durch</span> <span class='ocrx_word' id='word_1_71' title='bbox 402 803 475 843; x_wconf 91' lang='lat' dir='ltr'>die</span> <span class='ocrx_word' id='word_1_72' title='bbox 509 802 828 853; x_wconf 84' lang='lat' dir='ltr'>Abhandlung</span> <span class='ocrx_word' id='word_1_73' title='bbox 860 814 953 842; x_wconf 79' lang='lat' dir='ltr'>von</span> <span class='ocrx_word' id='word_1_74' title='bbox 987 802 1171 842; x_wconf 88' lang='lat' dir='ltr'>Zander</span> <span class='ocrx_word' id='word_1_75' title='bbox 1204 802 1482 853; x_wconf 76' lang='lat' dir='ltr'>fortgesetzt</span> <span class='ocrx_word' id='word_1_76' title='bbox 1515 804 1690 854; x_wconf 81' lang='lat' dir='ltr'>wurde‚</span> <span class='ocrx_word' id='word_1_77' title='bbox 1722 804 1831 844; x_wconf 84' lang='lat' dir='ltr'>dass</span> <span class='ocrx_word' id='word_1_78' title='bbox 1854 805 1926 844; x_wconf 87' lang='lat' dir='ltr'>die</span> 
     </span>
     <span class='ocr_line' id='line_1_10' title="bbox 223 872 1925 925; baseline 0.002 -13"><span class='ocrx_word' id='word_1_79' title='bbox 223 873 496 924; x_wconf 85' lang='lat' dir='ltr'>Sammlung</span> <span class='ocrx_word' id='word_1_80' title='bbox 529 872 681 913; x_wconf 89' lang='lat' dir='ltr'>nichts</span> <span class='ocrx_word' id='word_1_81' title='bbox 715 874 782 912; x_wconf 88' lang='lat' dir='ltr'>als</span> <span class='ocrx_word' id='word_1_82' title='bbox 817 873 919 913; x_wconf 91' lang='lat' dir='ltr'>eine</span> <span class='ocrx_word' id='word_1_83' title='bbox 950 873 1409 925; x_wconf 83' lang='lat' dir='ltr'>Prosa-Paraphrase</span> <span class='ocrx_word' id='word_1_84' title='bbox 1446 875 1530 914; x_wconf 91' lang='lat' dir='ltr'>des</span> <span class='ocrx_word' id='word_1_85' title='bbox 1567 875 1778 914; x_wconf 83' lang='lat' dir='ltr'>Phadrus</span> <span class='ocrx_word' id='word_1_86' title='bbox 1816 875 1925 915; x_wconf 60' lang='lat' dir='ltr'>sei».</span> 
     </span>
     <span class='ocr_line' id='line_1_11' title="bbox 223 943 1926 996; baseline 0.001 -13"><span class='ocrx_word' id='word_1_87' title='bbox 223 945 382 996; x_wconf 88' lang='lat' dir='ltr'>[talem</span> <span class='ocrx_word' id='word_1_88' title='bbox 415 943 680 996; x_wconf 83' lang='lat' dir='ltr'>opinionem</span> <span class='ocrx_word' id='word_1_89' title='bbox 713 943 895 983; x_wconf 78' lang='lat' dir='ltr'>THIELE</span> <span class='ocrx_word' id='word_1_90' title='bbox 928 944 1038 984; x_wconf 91' lang='lat' dir='ltr'>mihi</span> <span class='ocrx_word' id='word_1_91' title='bbox 1071 944 1231 984; x_wconf 79' lang='lat' dir='ltr'>tribuit</span> <span class='ocrx_word' id='word_1_92' title='bbox 1264 944 1441 985; x_wconf 90' lang='lat' dir='ltr'>iniuria.</span> <span class='ocrx_word' id='word_1_93' title='bbox 1477 945 1553 996; x_wconf 90' lang='lat' dir='ltr'>qui</span> <span class='ocrx_word' id='word_1_94' title='bbox 1577 945 1753 985; x_wconf 91' lang='lat' dir='ltr'>Comm.</span> <span class='ocrx_word' id='word_1_95' title='bbox 1778 945 1795 985; x_wconf 88' lang='grc' dir='ltr'>Ι</span> <span class='ocrx_word' id='word_1_96' title='bbox 1818 947 1926 986; x_wconf 89' lang='lat' dir='ltr'>mul-</span> 
     </span>
     <span class='ocr_line' id='line_1_12' title="bbox 222 1015 1927 1067; baseline 0.002 -13"><span class='ocrx_word' id='word_1_97' title='bbox 222 1015 279 1055; x_wconf 88' lang='lat' dir='ltr'>tis</span> <span class='ocrx_word' id='word_1_98' title='bbox 310 1015 426 1055; x_wconf 89' lang='lat' dir='ltr'>locis</span> <span class='ocrx_word' id='word_1_99' title='bbox 458 1015 882 1055; x_wconf 76' lang='lat' dir='ltr'>demonstraverim</span> <span class='ocrx_word' id='word_1_100' title='bbox 915 1015 1038 1055; x_wconf 87' lang='lat' dir='ltr'>haud</span> <span class='ocrx_word' id='word_1_101' title='bbox 1070 1027 1248 1066; x_wconf 88' lang='lat' dir='ltr'>paucas</span> <span class='ocrx_word' id='word_1_102' title='bbox 1282 1015 1464 1056; x_wconf 73' lang='lat' dir='ltr'>fabulas</span> <span class='ocrx_word' id='word_1_103' title='bbox 1497 1017 1734 1067; x_wconf 85' lang='lat' dir='ltr'>prosarias</span> <span class='ocrx_word' id='word_1_104' title='bbox 1767 1028 1795 1058; x_wconf 83' lang='lat' dir='ltr'>a</span> <span class='ocrx_word' id='word_1_105' title='bbox 1827 1028 1870 1058; x_wconf 91' lang='lat' dir='ltr'><strong>w</strong></span> <span class='ocrx_word' id='word_1_106' title='bbox 1903 1029 1927 1058; x_wconf 81' lang='grc' dir='ltr'>Ρ</span> 
     </span>
     <span class='ocr_line' id='line_1_13' title="bbox 221 1086 1925 1139; baseline 0.001 -13"><span class='ocrx_word' id='word_1_107' title='bbox 221 1098 313 1126; x_wconf 91' lang='lat' dir='ltr'>non</span> <span class='ocrx_word' id='word_1_108' title='bbox 353 1098 411 1126; x_wconf 81' lang='lat' dir='ltr'>ex</span> <span class='ocrx_word' id='word_1_109' title='bbox 449 1086 663 1125; x_wconf 85' lang='lat' dir='ltr'>Phaedro</span> <span class='ocrx_word' id='word_1_110' title='bbox 704 1086 787 1126; x_wconf 92' lang='lat' dir='ltr'>sed</span> <span class='ocrx_word' id='word_1_111' title='bbox 830 1086 1017 1126; x_wconf 77' lang='lat' dir='ltr'>aliunde</span> <span class='ocrx_word' id='word_1_112' title='bbox 1061 1098 1165 1126; x_wconf 91' lang='grc'>6556</span> <span class='ocrx_word' id='word_1_113' title='bbox 1208 1087 1449 1139; x_wconf 83' lang='lat' dir='ltr'>sumptas]</span> <span class='ocrx_word' id='word_1_114' title='bbox 1490 1087 1714 1139; x_wconf 76' lang='lat' dir='ltr'>deinceps</span> <span class='ocrx_word' id='word_1_115' title='bbox 1747 1088 1925 1128; x_wconf 72' lang='lat' dir='ltr'>THIELE</span> 
     </span>
     <span class='ocr_line' id='line_1_14' title="bbox 221 1156 1925 1210; baseline 0.002 -14"><span class='ocrx_word' id='word_1_116' title='bbox 221 1157 339 1196; x_wconf 87' lang='lat' dir='ltr'>haec</span> <span class='ocrx_word' id='word_1_117' title='bbox 382 1157 528 1197; x_wconf 82' lang='lat' dir='ltr'>addit:</span> <span class='ocrx_word' id='word_1_118' title='bbox 576 1156 834 1208; x_wconf 85' lang='lat' dir='ltr'>»Dagegen</span> <span class='ocrx_word' id='word_1_119' title='bbox 873 1157 954 1197; x_wconf 89' lang='lat' dir='ltr'>hat</span> <span class='ocrx_word' id='word_1_120' title='bbox 994 1157 1066 1197; x_wconf 91' lang='lat' dir='ltr'>die</span> <span class='ocrx_word' id='word_1_121' title='bbox 1108 1169 1293 1208; x_wconf 90' lang='lat' dir='ltr'>genaue</span> <span class='ocrx_word' id='word_1_122' title='bbox 1328 1158 1692 1210; x_wconf 89' lang='lat' dir='ltr'>Untersuchung</span> <span class='ocrx_word' id='word_1_123' title='bbox 1725 1159 1807 1199; x_wconf 89' lang='lat' dir='ltr'>des</span> <span class='ocrx_word' id='word_1_124' title='bbox 1841 1159 1925 1199; x_wconf 87' lang='lat' dir='ltr'>Ro-</span> 
     </span>
     <span class='ocr_line' id='line_1_15' title="bbox 220 1227 1926 1279; baseline 0.002 -12"><span class='ocrx_word' id='word_1_125' title='bbox 220 1227 572 1279; x_wconf 90' lang='lat' dir='ltr'>mulus-Corpus</span> <span class='ocrx_word' id='word_1_126' title='bbox 607 1261 614 1268; x_wconf 91' lang='lat'><strong>.</strong></span> <span class='ocrx_word' id='word_1_127' title='bbox 646 1260 652 1267; x_wconf 93' lang='lat'>.</span> <span class='ocrx_word' id='word_1_128' title='bbox 690 1227 827 1268; x_wconf 90' lang='lat' dir='ltr'>einen</span> <span class='ocrx_word' id='word_1_129' title='bbox 850 1240 970 1279; x_wconf 81' lang='lat' dir='ltr'>ganz</span> <span class='ocrx_word' id='word_1_130' title='bbox 995 1229 1205 1268; x_wconf 85' lang='lat' dir='ltr'>anderen</span> <span class='ocrx_word' id='word_1_131' title='bbox 1229 1229 1519 1269; x_wconf 87' lang='lat' dir='ltr'>Tatbestand</span> <span class='ocrx_word' id='word_1_132' title='bbox 1544 1231 1766 1279; x_wconf 86' lang='lat' dir='ltr'>ergeben.</span> <span class='ocrx_word' id='word_1_133' title='bbox 1816 1230 1926 1270; x_wconf 84' lang='lat' dir='ltr'>Das</span> 
     </span>
     <span class='ocr_line' id='line_1_16' title="bbox 221 1298 1923 1351; baseline 0.002 -14"><span class='ocrx_word' id='word_1_134' title='bbox 221 1298 371 1339; x_wconf 85' lang='lat' dir='ltr'>Buch</span> <span class='ocrx_word' id='word_1_135' title='bbox 419 1299 675 1349; x_wconf 59' lang='lat' dir='ltr'>(Romulus)</span> <span class='ocrx_word' id='word_1_136' title='bbox 725 1299 783 1339; x_wconf 91' lang='lat' dir='ltr'>ist</span> <span class='ocrx_word' id='word_1_137' title='bbox 831 1311 918 1339; x_wconf 89' lang='lat' dir='ltr'>nur</span> <span class='ocrx_word' id='word_1_138' title='bbox 962 1311 1067 1339; x_wconf 85' lang='lat' dir='ltr'>zum</span> <span class='ocrx_word' id='word_1_139' title='bbox 1100 1299 1199 1339; x_wconf 89' lang='lat' dir='ltr'>Teil</span> <span class='ocrx_word' id='word_1_140' title='bbox 1234 1299 1552 1351; x_wconf 82' lang='lat' dir='ltr'>Bearbeitung</span> <span class='ocrx_word' id='word_1_141' title='bbox 1584 1300 1667 1340; x_wconf 91' lang='lat' dir='ltr'>des</span> <span class='ocrx_word' id='word_1_142' title='bbox 1700 1301 1923 1350; x_wconf 81' lang='lat' dir='ltr'>Phadrus‚</span> 
     </span>
     <span class='ocr_line' id='line_1_17' title="bbox 222 1369 1923 1412; baseline 0.001 -3"><span class='ocrx_word' id='word_1_143' title='bbox 222 1381 272 1409; x_wconf 90' lang='grc'>65</span> <span class='ocrx_word' id='word_1_144' title='bbox 312 1370 522 1410; x_wconf 86' lang='lat' dir='ltr'>basiert</span> <span class='ocrx_word' id='word_1_145' title='bbox 560 1369 790 1410; x_wconf 81' lang='lat' dir='ltr'>vielmehr</span> <span class='ocrx_word' id='word_1_146' title='bbox 833 1370 882 1410; x_wconf 87' lang='lat' dir='ltr'>in</span> <span class='ocrx_word' id='word_1_147' title='bbox 925 1378 1106 1410; x_wconf 91' lang='lat' dir='ltr'>erster</span> <span class='ocrx_word' id='word_1_148' title='bbox 1144 1370 1297 1411; x_wconf 90' lang='lat' dir='ltr'>Linie</span> <span class='ocrx_word' id='word_1_149' title='bbox 1333 1371 1424 1411; x_wconf 85' lang='lat' dir='ltr'>auf</span> <span class='ocrx_word' id='word_1_150' title='bbox 1465 1371 1640 1411; x_wconf 89' lang='lat' dir='ltr'>einem</span> <span class='ocrx_word' id='word_1_151' title='bbox 1680 1373 1923 1412; x_wconf 80' lang='lat' dir='ltr'>verlore-</span> 
     </span>
     <span class='ocr_line' id='line_1_18' title="bbox 221 1440 1921 1494; baseline 0.002 -15"><span class='ocrx_word' id='word_1_152' title='bbox 221 1452 336 1490; x_wconf 90' lang='lat' dir='ltr'>nen,</span> <span class='ocrx_word' id='word_1_153' title='bbox 377 1440 458 1480; x_wconf 92' lang='lat' dir='ltr'>bis</span> <span class='ocrx_word' id='word_1_154' title='bbox 496 1440 547 1480; x_wconf 91' lang='lat' dir='ltr'>in</span> <span class='ocrx_word' id='word_1_155' title='bbox 595 1441 690 1481; x_wconf 85' lang='lat' dir='ltr'>das</span> <span class='ocrx_word' id='word_1_156' title='bbox 737 1440 794 1481; x_wconf 83' lang='grc' dir='ltr'>ΙΙ.</span> <span class='ocrx_word' id='word_1_157' title='bbox 831 1441 1206 1494; x_wconf 83' lang='lat' dir='ltr'>Jahrhundert</span> <span class='ocrx_word' id='word_1_158' title='bbox 1254 1454 1301 1482; x_wconf 93' lang='lat' dir='ltr'>n.</span> <span class='ocrx_word' id='word_1_159' title='bbox 1355 1442 1472 1482; x_wconf 89' lang='lat' dir='ltr'>Chr.</span> <span class='ocrx_word' id='word_1_160' title='bbox 1524 1443 1921 1483; x_wconf 78' lang='lat' dir='ltr'>zuriickzuver—</span> 
     </span>
     <span class='ocr_line' id='line_1_19' title="bbox 221 1504 1924 1564; baseline 0.002 -14"><span class='ocrx_word' id='word_1_161' title='bbox 221 1510 523 1562; x_wconf 72' lang='lat' dir='ltr'>folgenden</span> <span class='ocrx_word' id='word_1_162' title='bbox 546 1511 916 1552; x_wconf 90' lang='lat' dir='ltr'>lateinischen</span> <span class='ocrx_word' id='word_1_163' title='bbox 940 1504 1301 1564; x_wconf 45' lang='lat' dir='ltr'>Prosa-Lixsou</span> <span class='ocrx_word' id='word_1_164' title='bbox 1322 1513 1523 1553; x_wconf 89' lang='lat' dir='ltr'>dessen</span> <span class='ocrx_word' id='word_1_165' title='bbox 1540 1513 1655 1564; x_wconf 86' lang='lat' dir='ltr'>grie</span> <span class='ocrx_word' id='word_1_166' title='bbox 1670 1513 1924 1554; x_wconf 81' lang='lat' dir='ltr'>chisches</span> 
     </span>
     <span class='ocr_line' id='line_1_20' title="bbox 221 1581 1920 1637; baseline 0.002 -16"><span class='ocrx_word' id='word_1_167' title='bbox 221 1581 469 1632; x_wconf 89' lang='lat' dir='ltr'>Original</span> <span class='ocrx_word' id='word_1_168' title='bbox 519 1587 838 1633; x_wconf 75' lang='lat' dir='ltr'>spatestens</span> <span class='ocrx_word' id='word_1_169' title='bbox 886 1583 1005 1622; x_wconf 90' lang='lat' dir='ltr'>dem</span> <span class='ocrx_word' id='word_1_170' title='bbox 1055 1591 1245 1623; x_wconf 88' lang='lat' dir='ltr'>ersten</span> <span class='ocrx_word' id='word_1_171' title='bbox 1287 1584 1659 1637; x_wconf 86' lang='lat' dir='ltr'>Jahrhundert</span> <span class='ocrx_word' id='word_1_172' title='bbox 1708 1597 1756 1625; x_wconf 92' lang='lat' dir='ltr'>n.</span> <span class='ocrx_word' id='word_1_173' title='bbox 1804 1584 1920 1625; x_wconf 89' lang='lat' dir='ltr'>Chr.</span> 
     </span>
     <span class='ocr_line' id='line_1_21' title="bbox 221 1647 1922 1706; baseline 0.002 -15"><span class='ocrx_word' id='word_1_174' title='bbox 221 1652 526 1703; x_wconf 78' lang='lat' dir='ltr'>angehorte</span> <span class='ocrx_word' id='word_1_175' title='bbox 562 1686 570 1693; x_wconf 89' lang='lat'><strong>.</strong></span> <span class='ocrx_word' id='word_1_176' title='bbox 592 1686 599 1692; x_wconf 94' lang='lat'><strong><em>.</em></strong></span> <span class='ocrx_word' id='word_1_177' title='bbox 634 1652 758 1693; x_wconf 88' lang='lat' dir='ltr'>Dass</span> <span class='ocrx_word' id='word_1_178' title='bbox 791 1653 947 1694; x_wconf 88' lang='lat' dir='ltr'>dieser</span> <span class='ocrx_word' id='word_1_179' title='bbox 970 1654 1245 1694; x_wconf 88' lang='lat' dir='ltr'>lateinische</span> <span class='ocrx_word' id='word_1_180' title='bbox 1269 1647 1576 1706; x_wconf 56' lang='lat' dir='ltr'>Prosa-E&#39;Xsop,</span> <span class='ocrx_word' id='word_1_181' title='bbox 1597 1655 1680 1695; x_wconf 90' lang='lat' dir='ltr'>der</span> <span class='ocrx_word' id='word_1_182' title='bbox 1702 1656 1746 1695; x_wconf 91' lang='lat' dir='ltr'>in</span> <span class='ocrx_word' id='word_1_183' title='bbox 1769 1655 1922 1696; x_wconf 81' lang='lat' dir='ltr'>vielen</span> 
     </span>
     <span class='ocr_line' id='line_1_22' title="bbox 218 1722 1922 1776; baseline 0.002 -14"><span class='ocrx_word' id='word_1_184' title='bbox 218 1722 403 1762; x_wconf 87' lang='lat' dir='ltr'>Partien</span> <span class='ocrx_word' id='word_1_185' title='bbox 437 1723 526 1763; x_wconf 73' lang='lat' dir='ltr'>fast</span> <span class='ocrx_word' id='word_1_186' title='bbox 559 1724 774 1764; x_wconf 82' lang='lat' dir='ltr'>wortlich</span> <span class='ocrx_word' id='word_1_187' title='bbox 803 1725 1016 1764; x_wconf 86' lang='lat' dir='ltr'>erhalten</span> <span class='ocrx_word' id='word_1_188' title='bbox 1039 1724 1110 1773; x_wconf 83' lang='lat' dir='ltr'>ist,</span> <span class='ocrx_word' id='word_1_189' title='bbox 1136 1725 1220 1765; x_wconf 86' lang='lat' dir='ltr'>das</span> <span class='ocrx_word' id='word_1_190' title='bbox 1243 1726 1446 1776; x_wconf 79' lang='lat' dir='ltr'>primare</span> <span class='ocrx_word' id='word_1_191' title='bbox 1471 1726 1684 1766; x_wconf 88' lang='lat' dir='ltr'>Element</span> <span class='ocrx_word' id='word_1_192' title='bbox 1709 1727 1791 1766; x_wconf 94' lang='grc'>(165</span> <span class='ocrx_word' id='word_1_193' title='bbox 1815 1726 1922 1767; x_wconf 87' lang='lat' dir='ltr'>Cor-</span> 
     </span>
     <span class='ocr_line' id='line_1_23' title="bbox 218 1790 1919 1849; baseline 0.002 -16"><span class='ocrx_word' id='word_1_194' title='bbox 218 1804 304 1844; x_wconf 89' lang='lat' dir='ltr'>pus</span> <span class='ocrx_word' id='word_1_195' title='bbox 335 1793 406 1844; x_wconf 85' lang='lat' dir='ltr'>ist,</span> <span class='ocrx_word' id='word_1_196' title='bbox 442 1794 565 1845; x_wconf 88' lang='lat' dir='ltr'>zeigt</span> <span class='ocrx_word' id='word_1_197' title='bbox 594 1795 740 1834; x_wconf 87' lang='lat' dir='ltr'>schon</span> <span class='ocrx_word' id='word_1_198' title='bbox 764 1795 848 1834; x_wconf 91' lang='lat' dir='ltr'>der</span> <span class='ocrx_word' id='word_1_199' title='bbox 871 1796 931 1835; x_wconf 92' lang='lat' dir='ltr'>im</span> <span class='ocrx_word' id='word_1_200' title='bbox 955 1795 1075 1835; x_wconf 90' lang='lat' dir='ltr'>Titel</span> <span class='ocrx_word' id='word_1_201' title='bbox 1098 1796 1444 1847; x_wconf 78' lang='lat' dir='ltr'>festgehaltene</span> <span class='ocrx_word' id='word_1_202' title='bbox 1469 1796 1616 1837; x_wconf 89' lang='lat' dir='ltr'>Name</span> <span class='ocrx_word' id='word_1_203' title='bbox 1641 1798 1724 1837; x_wconf 88' lang='lat' dir='ltr'>des</span> <span class='ocrx_word' id='word_1_204' title='bbox 1748 1790 1919 1849; x_wconf 57' lang='lat' dir='ltr'>Asop».</span> 
     </span>
     <span class='ocr_line' id='line_1_24' title="bbox 218 1865 1920 1920; baseline 0.003 -16"><span class='ocrx_word' id='word_1_205' title='bbox 218 1865 348 1915; x_wconf 81' lang='lat' dir='ltr'>quasi</span> <span class='ocrx_word' id='word_1_206' title='bbox 381 1877 496 1905; x_wconf 85' lang='lat' dir='ltr'>vero</span> <span class='ocrx_word' id='word_1_207' title='bbox 530 1877 623 1905; x_wconf 89' lang='lat' dir='ltr'>non</span> <span class='ocrx_word' id='word_1_208' title='bbox 656 1866 897 1906; x_wconf 86' lang='lat' dir='ltr'>Phaedrus</span> <span class='ocrx_word' id='word_1_209' title='bbox 929 1867 1027 1917; x_wconf 90' lang='lat' dir='ltr'>ipse</span> <span class='ocrx_word' id='word_1_210' title='bbox 1062 1878 1172 1906; x_wconf 92' lang='lat' dir='ltr'>suas</span> <span class='ocrx_word' id='word_1_211' title='bbox 1205 1867 1387 1907; x_wconf 75' lang='lat' dir='ltr'>fabulas</span> <span class='ocrx_word' id='word_1_212' title='bbox 1420 1867 1653 1919; x_wconf 74' lang='lat' dir='ltr'>Aesopias</span> <span class='ocrx_word' id='word_1_213' title='bbox 1677 1869 1920 1920; x_wconf 88' lang='lat' dir='ltr'>inscripse-</span> 
     </span>
     <span class='ocr_line' id='line_1_25' title="bbox 216 1934 1919 1991; baseline 0.004 -17"><span class='ocrx_word' id='word_1_214' title='bbox 216 1934 288 1985; x_wconf 79' lang='lat' dir='ltr'>rit,</span> <span class='ocrx_word' id='word_1_215' title='bbox 323 1935 454 1986; x_wconf 89' lang='lat' dir='ltr'>quasi</span> <span class='ocrx_word' id='word_1_216' title='bbox 486 1948 579 1976; x_wconf 92' lang='lat' dir='ltr'>non</span> <span class='ocrx_word' id='word_1_217' title='bbox 612 1936 717 1976; x_wconf 91' lang='lat' dir='ltr'>inde</span> <span class='ocrx_word' id='word_1_218' title='bbox 753 1948 778 1976; x_wconf 92' lang='lat' dir='ltr'>a</span> <span class='ocrx_word' id='word_1_219' title='bbox 812 1938 1008 1988; x_wconf 84' lang='lat' dir='ltr'>prologo</span> <span class='ocrx_word' id='word_1_220' title='bbox 1042 1937 1146 1977; x_wconf 87' lang='lat' dir='ltr'>libri</span> <span class='ocrx_word' id='word_1_221' title='bbox 1179 1937 1313 1988; x_wconf 90' lang='lat' dir='ltr'>primi</span> <span class='ocrx_word' id='word_1_222' title='bbox 1344 1939 1519 1989; x_wconf 89' lang='lat' dir='ltr'>passim</span> <span class='ocrx_word' id='word_1_223' title='bbox 1552 1951 1719 1979; x_wconf 91' lang='lat' dir='ltr'>nomen</span> <span class='ocrx_word' id='word_1_224' title='bbox 1746 1939 1919 1991; x_wconf 81' lang='lat' dir='ltr'>Aesopi</span> 
     </span>
     <span class='ocr_line' id='line_1_26' title="bbox 216 2005 1920 2061; baseline 0.003 -16"><span class='ocrx_word' id='word_1_225' title='bbox 216 2005 311 2045; x_wconf 84' lang='lat' dir='ltr'>suis</span> <span class='ocrx_word' id='word_1_226' title='bbox 348 2005 518 2046; x_wconf 76' lang='lat' dir='ltr'>fabulis</span> <span class='ocrx_word' id='word_1_227' title='bbox 559 2007 818 2058; x_wconf 75' lang='lat' dir='ltr'>praeierat!</span> <span class='ocrx_word' id='word_1_228' title='bbox 861 2020 950 2059; x_wconf 93' lang='lat' dir='ltr'>quo</span> <span class='ocrx_word' id='word_1_229' title='bbox 992 2008 1178 2048; x_wconf 86' lang='lat' dir='ltr'>nomine</span> <span class='ocrx_word' id='word_1_230' title='bbox 1219 2009 1353 2049; x_wconf 88' lang='lat' dir='ltr'>huius</span> <span class='ocrx_word' id='word_1_231' title='bbox 1395 2010 1583 2060; x_wconf 87' lang='lat' dir='ltr'>generis</span> <span class='ocrx_word' id='word_1_232' title='bbox 1614 2011 1920 2061; x_wconf 81' lang='lat' dir='ltr'>apologorum</span> 
     </span>
     <span class='ocr_line' id='line_1_27' title="bbox 216 2060 1922 2133; baseline 0.003 -17"><span class='ocrx_word' id='word_1_233' title='bbox 216 2060 292 2116; x_wconf 44' lang='lat' dir='ltr'>rel</span> <span class='ocrx_word' id='word_1_234' title='bbox 336 2076 599 2117; x_wconf 80' lang='lat' dir='ltr'>fabularum</span> <span class='ocrx_word' id='word_1_235' title='bbox 642 2079 949 2119; x_wconf 88' lang='lat' dir='ltr'>collectiones</span> <span class='ocrx_word' id='word_1_236' title='bbox 996 2079 1319 2130; x_wconf 87' lang='lat' dir='ltr'>significantur</span> <span class='ocrx_word' id='word_1_237' title='bbox 1358 2080 1621 2121; x_wconf 83' lang='lat' dir='ltr'>universae.</span> <span class='ocrx_word' id='word_1_238' title='bbox 1663 2088 1712 2122; x_wconf 91' lang='lat' dir='ltr'>ut</span> <span class='ocrx_word' id='word_1_239' title='bbox 1753 2082 1922 2133; x_wconf 78' lang='lat' dir='ltr'>Iucz&#39;psl</span> 
     </span>
     <span class='ocr_line' id='line_1_28' title="bbox 216 2147 1919 2203; baseline 0.004 -17"><span class='ocrx_word' id='word_1_240' title='bbox 216 2147 407 2198; x_wconf 78' lang='lat' dir='ltr'>Esopus</span> <span class='ocrx_word' id='word_1_241' title='bbox 440 2148 542 2188; x_wconf 90' lang='lat' dir='ltr'>cod.</span> <span class='ocrx_word' id='word_1_242' title='bbox 576 2148 778 2189; x_wconf 91' lang='lat' dir='ltr'>Vindob.</span> <span class='ocrx_word' id='word_1_243' title='bbox 813 2151 891 2190; x_wconf 90' lang='lat' dir='ltr'>lat.</span> <span class='ocrx_word' id='word_1_244' title='bbox 917 2151 1015 2199; x_wconf 88' lang='grc'>901,</span> <span class='ocrx_word' id='word_1_245' title='bbox 1050 2150 1314 2202; x_wconf 86' lang='lat' dir='ltr'>ibidemque</span> <span class='ocrx_word' id='word_1_246' title='bbox 1338 2151 1550 2203; x_wconf 47' lang='lat' dir='ltr'>Explicit</span> <span class='ocrx_word' id='word_1_247' title='bbox 1570 2152 1774 2203; x_wconf 74' lang='lat' dir='ltr'>Esopus.</span> <span class='ocrx_word' id='word_1_248' title='bbox 1809 2153 1919 2193; x_wconf 90' lang='lat' dir='ltr'>item</span> 
     </span>
     <span class='ocr_line' id='line_1_29' title="bbox 218 2217 1919 2274; baseline 0.004 -17"><span class='ocrx_word' id='word_1_249' title='bbox 218 2217 344 2257; x_wconf 82' lang='lat' dir='ltr'>Bodl.</span> <span class='ocrx_word' id='word_1_250' title='bbox 379 2220 457 2259; x_wconf 90' lang='lat' dir='ltr'>lat.</span> <span class='ocrx_word' id='word_1_251' title='bbox 497 2219 591 2270; x_wconf 82' lang='lat'>111,</span> <span class='ocrx_word' id='word_1_252' title='bbox 626 2220 701 2260; x_wconf 80' lang='lat' dir='ltr'>fol.</span> <span class='ocrx_word' id='word_1_253' title='bbox 742 2221 791 2260; x_wconf 84' lang='lat'>16</span> <span class='ocrx_word' id='word_1_254' title='bbox 827 2227 872 2260; x_wconf 89' lang='lat' dir='ltr'>et</span> <span class='ocrx_word' id='word_1_255' title='bbox 907 2227 1068 2261; x_wconf 87' lang='lat' dir='ltr'>cetera</span> <span class='ocrx_word' id='word_1_256' title='bbox 1093 2221 1332 2262; x_wconf 89' lang='lat' dir='ltr'>eiusmodi.</span> <span class='ocrx_word' id='word_1_257' title='bbox 1356 2234 1465 2262; x_wconf 83' lang='lat' dir='ltr'>nam</span> <span class='ocrx_word' id='word_1_258' title='bbox 1489 2223 1610 2273; x_wconf 93' lang='lat' dir='ltr'>quod</span> <span class='ocrx_word' id='word_1_259' title='bbox 1634 2223 1765 2263; x_wconf 89' lang='lat' dir='ltr'>titulo</span> <span class='ocrx_word' id='word_1_260' title='bbox 1789 2235 1919 2274; x_wconf 85' lang='lat' dir='ltr'>prae-</span> 
     </span>
     <span class='ocr_line' id='line_1_30' title="bbox 216 2287 1918 2345; baseline 0.004 -18"><span class='ocrx_word' id='word_1_261' title='bbox 216 2287 402 2328; x_wconf 76' lang='lat' dir='ltr'>fationis</span> <span class='ocrx_word' id='word_1_262' title='bbox 446 2289 663 2341; x_wconf 87' lang='lat' dir='ltr'>Aesopus</span> <span class='ocrx_word' id='word_1_263' title='bbox 708 2290 877 2331; x_wconf 77' lang='lat' dir='ltr'>Rufum</span> <span class='ocrx_word' id='word_1_264' title='bbox 924 2291 1182 2343; x_wconf 89' lang='lat' dir='ltr'>adloquens</span> <span class='ocrx_word' id='word_1_265' title='bbox 1226 2292 1458 2332; x_wconf 86' lang='lat' dir='ltr'>inducitur</span> <span class='ocrx_word' id='word_1_266' title='bbox 1503 2294 1754 2344; x_wconf 50' lang='lat' dir='ltr'>(ilsagz&#39;stro</span> <span class='ocrx_word' id='word_1_267' title='bbox 1795 2295 1918 2345; x_wconf 75' lang='lat' dir='ltr'>Rufo</span> 
     </span>
     <span class='ocr_line' id='line_1_31' title="bbox 216 2359 1918 2416; baseline 0.005 -19"><span class='ocrx_word' id='word_1_268' title='bbox 216 2359 431 2410; x_wconf 67' lang='lat' dir='ltr'>Aesopus</span> <span class='ocrx_word' id='word_1_269' title='bbox 466 2360 705 2412; x_wconf 71' lang='lat' dir='ltr'>Salutem),</span> <span class='ocrx_word' id='word_1_270' title='bbox 740 2361 785 2401; x_wconf 91' lang='lat' dir='ltr'>id</span> <span class='ocrx_word' id='word_1_271' title='bbox 817 2374 910 2402; x_wconf 91' lang='lat' dir='ltr'>non</span> <span class='ocrx_word' id='word_1_272' title='bbox 944 2374 1046 2402; x_wconf 90' lang='lat' dir='ltr'>esse</span> <span class='ocrx_word' id='word_1_273' title='bbox 1081 2362 1338 2414; x_wconf 84' lang='lat' dir='ltr'>principale</span> <span class='ocrx_word' id='word_1_274' title='bbox 1368 2364 1451 2404; x_wconf 90' lang='lat' dir='ltr'>sed</span> <span class='ocrx_word' id='word_1_275' title='bbox 1473 2364 1835 2416; x_wconf 72' lang='lat' dir='ltr'>interpolatoris,</span> <span class='ocrx_word' id='word_1_276' title='bbox 1861 2378 1918 2405; x_wconf 80' lang='lat' dir='ltr'>ex</span> 
     </span>
     <span class='ocr_line' id='line_1_32' title="bbox 217 2432 1916 2487; baseline 0.005 -19"><span class='ocrx_word' id='word_1_277' title='bbox 217 2441 272 2468; x_wconf 92' lang='lat' dir='ltr'>eo</span> <span class='ocrx_word' id='word_1_278' title='bbox 319 2437 516 2480; x_wconf 88' lang='lat' dir='ltr'>apparet</span> <span class='ocrx_word' id='word_1_279' title='bbox 563 2432 683 2482; x_wconf 88' lang='lat' dir='ltr'>quod</span> <span class='ocrx_word' id='word_1_280' title='bbox 729 2433 835 2472; x_wconf 87' lang='lat' dir='ltr'>huic</span> <span class='ocrx_word' id='word_1_281' title='bbox 882 2433 961 2473; x_wconf 88' lang='lat' dir='ltr'>tali</span> <span class='ocrx_word' id='word_1_282' title='bbox 1002 2433 1132 2473; x_wconf 91' lang='lat' dir='ltr'>titulo</span> <span class='ocrx_word' id='word_1_283' title='bbox 1166 2443 1397 2486; x_wconf 85' lang='lat' dir='ltr'>repugnat</span> <span class='ocrx_word' id='word_1_284' title='bbox 1430 2435 1530 2486; x_wconf 85' lang='lat' dir='ltr'>ipsa</span> <span class='ocrx_word' id='word_1_285' title='bbox 1564 2435 1808 2487; x_wconf 77' lang='lat' dir='ltr'>praefatio,</span> <span class='ocrx_word' id='word_1_286' title='bbox 1842 2436 1916 2476; x_wconf 93' lang='lat' dir='ltr'>ubi</span> 
     </span>
     <span class='ocr_line' id='line_1_33' title="bbox 215 2500 1918 2557; baseline 0.004 -18"><span class='ocrx_word' id='word_1_287' title='bbox 215 2512 309 2539; x_wconf 92' lang='lat' dir='ltr'>non</span> <span class='ocrx_word' id='word_1_288' title='bbox 350 2500 568 2551; x_wconf 85' lang='lat' dir='ltr'>Aesopus</span> <span class='ocrx_word' id='word_1_289' title='bbox 609 2502 887 2553; x_wconf 87' lang='lat' dir='ltr'>adloquatur</span> <span class='ocrx_word' id='word_1_290' title='bbox 919 2503 1017 2554; x_wconf 88' lang='lat' dir='ltr'>ipse</span> <span class='ocrx_word' id='word_1_291' title='bbox 1051 2505 1279 2544; x_wconf 90' lang='lat' dir='ltr'>lectorem</span> <span class='ocrx_word' id='word_1_292' title='bbox 1313 2506 1397 2546; x_wconf 88' lang='lat' dir='ltr'>sed</span> <span class='ocrx_word' id='word_1_293' title='bbox 1430 2506 1606 2557; x_wconf 75' lang='lat' dir='ltr'>Aesopi</span> <span class='ocrx_word' id='word_1_294' title='bbox 1638 2514 1687 2546; x_wconf 91' lang='lat' dir='ltr'>ut</span> <span class='ocrx_word' id='word_1_295' title='bbox 1719 2507 1918 2547; x_wconf 71' lang='lat' dir='ltr'>hominis</span> 
     </span>
     <span class='ocr_line' id='line_1_34' title="bbox 216 2571 1917 2629; baseline 0.005 -19"><span class='ocrx_word' id='word_1_296' title='bbox 216 2583 242 2610; x_wconf 81' lang='lat' dir='ltr'>a</span> <span class='ocrx_word' id='word_1_297' title='bbox 286 2571 592 2622; x_wconf 75' lang='lat' dir='ltr'>praefationis</span> <span class='ocrx_word' id='word_1_298' title='bbox 636 2572 864 2624; x_wconf 92' lang='lat' dir='ltr'>scriptore</span> <span class='ocrx_word' id='word_1_299' title='bbox 910 2574 1083 2614; x_wconf 89' lang='lat' dir='ltr'>diversi</span> <span class='ocrx_word' id='word_1_300' title='bbox 1127 2576 1302 2615; x_wconf 87' lang='lat' dir='ltr'>mentio</span> <span class='ocrx_word' id='word_1_301' title='bbox 1345 2576 1438 2616; x_wconf 89' lang='lat' dir='ltr'>fiat.</span> <span class='ocrx_word' id='word_1_302' title='bbox 1481 2576 1591 2617; x_wconf 87' lang='lat' dir='ltr'>item</span> <span class='ocrx_word' id='word_1_303' title='bbox 1638 2577 1694 2617; x_wconf 91' lang='lat' dir='ltr'>de</span> <span class='ocrx_word' id='word_1_304' title='bbox 1741 2578 1917 2629; x_wconf 88' lang='lat' dir='ltr'>Aesopi</span> 
     </span>
     <span class='ocr_line' id='line_1_35' title="bbox 215 2642 1914 2699; baseline 0.005 -18"><span class='ocrx_word' id='word_1_305' title='bbox 215 2648 370 2682; x_wconf 90' lang='lat' dir='ltr'>statua</span> <span class='ocrx_word' id='word_1_306' title='bbox 402 2642 560 2683; x_wconf 90' lang='lat' dir='ltr'>titulus</span> <span class='ocrx_word' id='word_1_307' title='bbox 593 2648 824 2693; x_wconf 82' lang='lat' dir='ltr'>repugnat</span> <span class='ocrx_word' id='word_1_308' title='bbox 856 2643 910 2683; x_wconf 90' lang='lat' dir='ltr'>iis</span> <span class='ocrx_word' id='word_1_309' title='bbox 944 2656 1062 2695; x_wconf 90' lang='lat' dir='ltr'>quae</span> <span class='ocrx_word' id='word_1_310' title='bbox 1086 2652 1355 2697; x_wconf 83' lang='lat' dir='ltr'>sequuntur,</span> <span class='ocrx_word' id='word_1_311' title='bbox 1381 2647 1502 2697; x_wconf 90' lang='lat' dir='ltr'>quod</span> <span class='ocrx_word' id='word_1_312' title='bbox 1527 2655 1597 2687; x_wconf 90' lang='lat' dir='ltr'>est</span> <span class='ocrx_word' id='word_1_313' title='bbox 1621 2650 1914 2699; x_wconf 85' lang='lat' dir='ltr'>corruptelae</span> 
     </span>
     <span class='ocr_line' id='line_1_36' title="bbox 215 2712 639 2754; baseline 0.007 -3"><span class='ocrx_word' id='word_1_314' title='bbox 215 2712 374 2752; x_wconf 88' lang='lat' dir='ltr'>similis</span> <span class='ocrx_word' id='word_1_315' title='bbox 406 2713 639 2754; x_wconf 87' lang='lat' dir='ltr'>indicium.</span> 
     </span>
    </p>

    <p class='ocr_par' dir='ltr' id='par_1_4' title="bbox 213 2783 1914 2982">
     <span class='ocr_line' id='line_1_37' title="bbox 331 2783 1914 2841; baseline 0.004 -18"><span class='ocrx_word' id='word_1_316' title='bbox 331 2783 428 2823; x_wconf 90' lang='lat' dir='ltr'>Iam</span> <span class='ocrx_word' id='word_1_317' title='bbox 469 2796 584 2824; x_wconf 87' lang='lat' dir='ltr'>vero</span> <span class='ocrx_word' id='word_1_318' title='bbox 617 2796 666 2824; x_wconf 90' lang='lat' dir='ltr'>re</span> <span class='ocrx_word' id='word_1_319' title='bbox 701 2784 981 2835; x_wconf 80' lang='lat' dir='ltr'>gravissima</span> <span class='ocrx_word' id='word_1_320' title='bbox 1013 2785 1195 2825; x_wconf 84' lang='lat' dir='ltr'>THIELE</span> <span class='ocrx_word' id='word_1_321' title='bbox 1229 2786 1314 2825; x_wconf 90' lang='lat' dir='ltr'>sibi</span> <span class='ocrx_word' id='word_1_322' title='bbox 1347 2787 1446 2838; x_wconf 91' lang='lat' dir='ltr'>ipse</span> <span class='ocrx_word' id='word_1_323' title='bbox 1479 2800 1571 2828; x_wconf 89' lang='lat' dir='ltr'>non</span> <span class='ocrx_word' id='word_1_324' title='bbox 1607 2797 1805 2830; x_wconf 80' lang='lat' dir='ltr'>constat.</span> <span class='ocrx_word' id='word_1_325' title='bbox 1841 2791 1914 2841; x_wconf 90' lang='lat' dir='ltr'>qui</span> 
     </span>
     <span class='ocr_line' id='line_1_38' title="bbox 216 2855 1914 2911; baseline 0.004 -17"><span class='ocrx_word' id='word_1_326' title='bbox 216 2864 334 2904; x_wconf 89' lang='lat' dir='ltr'>cum,</span> <span class='ocrx_word' id='word_1_327' title='bbox 368 2861 417 2894; x_wconf 89' lang='lat' dir='ltr'>ut</span> <span class='ocrx_word' id='word_1_328' title='bbox 448 2855 586 2895; x_wconf 89' lang='lat' dir='ltr'>modo</span> <span class='ocrx_word' id='word_1_329' title='bbox 620 2855 907 2905; x_wconf 88' lang='lat' dir='ltr'>videbamus,</span> <span class='ocrx_word' id='word_1_330' title='bbox 942 2855 1125 2895; x_wconf 74' lang='lat' dir='ltr'>fabulas</span> <span class='ocrx_word' id='word_1_331' title='bbox 1158 2857 1242 2896; x_wconf 90' lang='lat' dir='ltr'>has</span> <span class='ocrx_word' id='word_1_332' title='bbox 1269 2859 1506 2908; x_wconf 86' lang='lat' dir='ltr'>prosarias</span> <span class='ocrx_word' id='word_1_333' title='bbox 1529 2861 1667 2910; x_wconf 87' lang='lat' dir='ltr'>longe</span> <span class='ocrx_word' id='word_1_334' title='bbox 1693 2861 1914 2911; x_wconf 72' lang='lat' dir='ltr'>plurimas</span> 
     </span>
     <span class='ocr_line' id='line_1_39' title="bbox 213 2925 1913 2982; baseline 0.005 -19"><span class='ocrx_word' id='word_1_335' title='bbox 213 2937 304 2964; x_wconf 86' lang='lat' dir='ltr'>non</span> <span class='ocrx_word' id='word_1_336' title='bbox 338 2937 366 2965; x_wconf 89' lang='lat' dir='ltr'>a</span> <span class='ocrx_word' id='word_1_337' title='bbox 398 2925 610 2966; x_wconf 88' lang='lat' dir='ltr'>Phaedro</span> <span class='ocrx_word' id='word_1_338' title='bbox 644 2927 728 2966; x_wconf 93' lang='lat' dir='ltr'>sed</span> <span class='ocrx_word' id='word_1_339' title='bbox 761 2927 818 2966; x_wconf 93' lang='lat' dir='ltr'>ab</span> <span class='ocrx_word' id='word_1_340' title='bbox 854 2927 1043 2977; x_wconf 77' lang='lat' dir='ltr'>Aesopo</span> <span class='ocrx_word' id='word_1_341' title='bbox 1077 2926 1167 2976; x_wconf 74' lang='lat' dir='ltr'>illo,</span> <span class='ocrx_word' id='word_1_342' title='bbox 1203 2939 1340 2978; x_wconf 92' lang='lat' dir='ltr'>quem</span> <span class='ocrx_word' id='word_1_343' title='bbox 1374 2928 1572 2970; x_wconf 85' lang='lat' dir='ltr'>finxerat</span> <span class='ocrx_word' id='word_1_344' title='bbox 1605 2931 1753 2982; x_wconf 89' lang='lat' dir='ltr'>primo</span> <span class='ocrx_word' id='word_1_345' title='bbox 1784 2943 1913 2982; x_wconf 86' lang='lat' dir='ltr'>grae-</span> 
     </span>
    </p>
   </div>
  </div>
 </body>
</html>
