2152 3229
267 143 355 170 xcu
973 139 1248 180 Prolegomena

267 250 379 281 tatus
419 245 460 280 in
509 243 758 289 despectum
808 241 989 277 devenit.
1028 261 1070 266 —
1107 242 1163 284 [-
1192 249 1226 277 te
1243 245 1379 286 ferens
1408 254 1538 276 versus
1567 245 1684 276 exitus
1712 254 1783 276 non
1812 245 1857 276 ad
1885 254 1963 276 nor-

264 330 360 351 mam
390 319 548 350 Phaedri
577 318 716 349 factus:
745 316 875 348 ΗΑνκί·
906 315 923 353 ξ
951 317 992 347 54
1022 327 1053 357 p.
1086 312 1188 356 190.].

383 387 609 427 Videmus
642 385 782 436 igitur
815 385 1110 426 BURMANNUM
1140 391 1186 425 et
1209 384 1510 425 MUELLERUM
1533 395 1621 424 nec
1645 383 1800 424 omnia
1822 383 1963 424 Phae-

265 459 333 499 dri
381 459 528 498 verba
561 457 814 508 antiquitus
846 456 1019 496 tradita
1053 455 1304 506 agnovisse
1338 467 1426 495 nec
1460 454 1713 506 recepisse,
1749 461 1886 506 atque
1920 454 1965 494 in

265 541 426 569 eorum
475 540 593 580 quae
643 535 923 579 spreverant
970 527 1124 566 locum
1169 525 1464 566 substituisse
1507 537 1534 565 a
1566 525 1779 565 Phaedro
1813 524 1966 565 aliena

264 600 510 652 permulta.
544 599 701 650 itaque
736 610 829 638 non
860 597 1124 638 Phaedrum
1158 596 1289 648 quasi
1325 608 1382 637 ex
1415 596 1577 637 inferis
1610 595 1858 645 excitasse,
1883 595 1966 635 sed

264 671 483 711 videntur
531 681 614 721 pro
663 669 876 710 Phaedro
914 668 1125 709 novicias
1159 680 1214 708 ac
1248 679 1358 708 suas
1391 667 1617 718 quasdam
1650 666 1835 707 fabulas
1866 677 1966 717 pro-

263 741 437 782 tulisse.

383 812 564 852 THIELII
613 823 727 851 vero
776 810 929 851 studia
972 808 1247 850 restituendi
1294 808 1432 849 metri
1479 807 1756 848 Phaedriani
1797 807 1967 859 duplici

263 884 480 924 laborant
527 881 824 923 incommodo
851 914 857 921 .
884 881 975 921 iam
1022 880 1143 931 enim
1192 891 1275 931 pro
1310 879 1468 919 verbis
1499 878 1700 919 Phaedri
1731 878 1777 918 in
1810 890 1838 919 a
1870 891 1913 918 w
1946 890 1968 917 r

264 953 532 994 extantibus
580 952 817 993 substituit
864 963 962 1002 sua,
1012 951 1105 991 iam
1152 950 1216 990 ita
1263 949 1462 989 Phaedri
1506 949 1654 989 verba
1685 949 1887 989 removit
1919 956 1967 989 ut

264 1025 374 1065 nihil
423 1035 585 1064 eorum
632 1025 737 1063 loco
770 1028 968 1074 poneret
1001 1022 1085 1062 sed
1118 1022 1336 1061 lacunam
1368 1020 1672 1071 relinqueret,
1707 1019 1966 1060 orationem

263 1096 570 1147 discerperet,
617 1106 803 1135 omnem
852 1093 1224 1144 intellegentiam
1272 1093 1490 1132 tolleret.
1518 1102 1608 1143 qua
1656 1102 1706 1130 re
1747 1090 1834 1131 sibi
1867 1090 1966 1141 ipse

265 1166 445 1218 eripuit,
480 1166 602 1217 quod
637 1165 821 1217 quidem
856 1165 914 1205 ad
950 1163 1212 1204 Phaedrum
1247 1163 1448 1203 solutum
1484 1162 1755 1213 pertineret,
1781 1173 1967 1202 omnem

263 1237 547 1278 recensendi
593 1242 638 1277 et
672 1235 905 1276 iudicandi
938 1241 1237 1286 potestatem.
1273 1234 1374 1285 quis
1408 1233 1530 1273 enim
1563 1232 1784 1272 diiudicet
1817 1232 1968 1272 sintne

263 1321 326 1349 an
371 1320 465 1348 non
512 1308 601 1348 sint
648 1319 764 1347 sana
813 1318 932 1358 quae
974 1318 1067 1346 non
1100 1305 1368 1356 intellegat?
1403 1304 1503 1355 quis
1536 1310 1694 1344 autem
1726 1303 1969 1354 intellegat

266 1392 323 1420 ea
356 1379 503 1419 verba
537 1390 655 1430 quae
689 1390 782 1418 non
814 1377 935 1417 inter
967 1389 1017 1417 se
1051 1376 1115 1417 ita
1147 1376 1238 1416 sint
1272 1382 1382 1426 apta
1416 1382 1461 1415 et
1496 1385 1711 1415 connexa
1743 1381 1792 1414 ut
1826 1385 1883 1413 ex
1916 1373 1970 1413 iis

266 1450 500 1491 efficiatur
532 1448 834 1500 intelligibilis
866 1447 1125 1489 sententia?

385 1521 672 1561 BURMANNUS
706 1531 844 1571 quam
878 1518 1189 1570 appendicem
1222 1517 1486 1558 fabularum
1518 1516 1683 1557 iambis
1715 1527 1888 1566 magna
1913 1527 1970 1554 ex

265 1599 400 1644 parte
432 1591 755 1644 incompositis
788 1591 1053 1631 vinctarum
1086 1588 1217 1640 quasi
1250 1588 1512 1628 auctarium
1535 1586 1857 1627 Phaedrianae
1882 1585 1970 1626 edi-

266 1663 379 1704 tioni
402 1662 509 1703 anni
538 1663 646 1703 1718
670 1662 928 1711 addiderat,
955 1673 1059 1701 eam
1083 1658 1392 1712 appendicem
1416 1660 1473 1699 ab
1499 1658 1701 1698 editione
1726 1657 1833 1698 anni
1860 1656 1968 1697 1727

271 1758 317 1763 ——
365 1746 485 1786 quae
534 1733 702 1785 prodiit
750 1733 924 1774 Leidae
960 1744 1031 1783 ap.
1074 1731 1364 1771 Luchtmans
1398 1754 1446 1758 —-
1487 1729 1697 1770 exclusit.
1732 1728 1855 1780 quod
1889 1739 1971 1768 cur

268 1806 459 1846 fecisset
492 1804 786 1856 praefatione
820 1804 919 1855 ipse
953 1801 1249 1854 significavit.
1285 1812 1392 1841 nam
1427 1812 1532 1841 cum
1556 1799 1831 1840 D'ORVILLE
1853 1798 1971 1839 Nea-

266 1877 362 1928 poli
406 1876 576 1927 aliquid
627 1874 900 1927 appendicis
931 1873 1200 1913 Perottinae
1235 1872 1291 1912 de
1327 1871 1490 1911 codice
1525 1870 1564 1910 N
1599 1882 1747 1921 nuper
1779 1870 1970 1910 invento

269 1948 311 1988 ei
359 1947 575 1996 misisset,
610 1952 659 1986 ut
692 1945 806 1985 vidit
840 1945 1046 1985 fabulam
1080 1943 1136 1983 de
1170 1944 1310 1994 vulpe
1346 1949 1392 1982 et
1425 1942 1559 1982 simia
1591 1941 1651 1982 ibi
1685 1952 1790 1981 esse
1824 1940 1971 1981 brevi-

267 2030 398 2058 orem
446 2029 584 2069 quam
632 2017 732 2068 ipse
783 2027 887 2056 eam
936 2015 992 2056 de
1041 2014 1292 2065 Anonymo
1341 2013 1553 2053 NILANTII
1593 2012 1699 2052 olim
1735 2011 1970 2059 edidisset,

274 2090 344 2130 >in
388 2088 604 2141 reliquis»
658 2087 803 2139 inquit
855 2098 954 2126 »me
1003 2085 1185 2135 fabulis,
1221 2085 1387 2136 quibus
1420 2082 1729 2135 appendicem
1762 2081 1971 2129 instruxi,

270 2160 452 2211 longius
499 2171 643 2210 saepe
693 2170 720 2199 a
767 2157 967 2198 Phaedri
1006 2167 1146 2196 manu
1179 2156 1442 2204 aberrasse,
1476 2153 1586 2194 licet
1619 2154 1792 2193 multae
1827 2164 1972 2192 voces

271 2238 317 2271 et
349 2230 612 2270 locutiones
650 2229 750 2270 eius
787 2229 877 2269 sint
910 2233 1145 2277 servatae,
1180 2237 1302 2266 nunc
1331 2225 1482 2265 libens
1501 2236 1752 2275 agnosco».
1788 2223 1970 2275 quippe,

266 2301 308 2342 vsi
351 2301 451 2353 quis
490 2313 516 2341 a
546 2311 687 2341 manu
720 2298 919 2339 Phaedri
953 2296 1204 2346 aberravit,
1242 2295 1401 2336 incidit
1438 2296 1481 2335 in
1518 2294 1818 2347 paraphrasis
1851 2305 1971 2334 erro-

270 2384 360 2412 res.
411 2383 524 2423 ergo
572 2371 684 2411 nihil
730 2369 962 2421 antiquius
1006 2367 1147 2408 habui
1180 2378 1318 2418 quam
1351 2373 1399 2406 ut
1433 2378 1491 2406 ne
1527 2365 1649 2417 quod
1681 2365 1878 2405 verbum
1911 2363 1971 2404 fa-

269 2443 407 2483 bulae
444 2442 686 2493 prosariae
722 2440 987 2481 omitterem
1021 2438 1142 2490 quod
1177 2450 1279 2478 esse
1314 2449 1452 2489 posse
1488 2436 1686 2477 Phaedri
1717 2435 1970 2476 videretur.
