2152 3229
224 175 282 202 XII
944 175 1221 214 Prolegomena

222 274 339 331 cum,
389 280 494 319 inde
529 292 555 319 a
588 279 625 318 II
660 280 851 318 saeculo
886 286 1075 318 nostrae
1111 290 1251 318 aerae
1293 280 1433 319 etiam
1468 280 1675 331 latinum,
1715 287 1924 331 sumptas

221 362 323 390 esse
358 350 564 397 dixisset,
600 350 887 400 procedente
919 349 1234 402 disputatione
1269 351 1327 389 ab
1351 349 1428 390 illa
1451 350 1666 402 opinione
1690 352 1922 402 depulsus,

220 421 432 471 denique,
474 427 721 471 postquam
763 420 864 460 Lat,
907 420 1017 460 Aes.
1060 431 1132 471 pp.
1168 423 1533 460 cxlx—CXXIII
1567 421 1793 462 rationem
1826 422 1923 462 iniit

222 492 479 531 fabularum
502 491 832 542 prosariarum,
855 503 910 530 eo
934 491 1156 531 redactus
1179 498 1249 531 est
1273 499 1320 532 ut
1340 492 1461 532 inter
1478 492 1580 532 illas
1597 492 1923 532 LXXXXVIII

221 562 414 612 fabulas,
449 574 564 613 quas
598 562 793 602 Romulo
831 562 1052 608 attribuit.
1088 575 1180 602 non
1211 564 1314 614 plus
1346 563 1512 610 XXXI,
1547 563 1592 603 id
1626 570 1695 603 est
1730 563 1807 603 vix
1836 571 1922 604 ter-

218 632 282 672 tia
329 644 450 683 pars,
499 634 556 673 ab
603 633 703 684 ipso
743 633 1064 684 reperirentur
1097 646 1201 673 esse
1235 646 1327 673 non
1361 634 1698 686 Phaedrianae,
1734 637 1923 675 ceterae

218 715 380 743 omnes
426 704 482 743 de
528 703 729 743 Phaedri
777 711 989 755 sumptae
1038 716 1139 744 esse
1186 705 1432 745 thesauris.
1480 712 1620 756 atque
1662 705 1783 745 inter
1820 705 1923 745 illas

217 774 342 825 ipsas
386 774 540 814 XXXI
587 776 838 814 nonnullae
885 782 989 814 sunt
1035 775 1174 815 nihilo
1214 776 1365 816 minus
1403 776 1741 816 Phaedrianae.
1784 788 1827 816 v,
1869 788 1925 816 ea

219 856 336 895 quae
372 845 641 895 singillatim
677 852 842 885 contra
874 845 1055 886 THIELE
1090 846 1323 897 disputavi
1358 847 1415 886 ad
1439 847 1529 887 fab.
1555 847 1589 886 II
1620 859 1661 898 p.
1688 848 1726 898 7,
1751 847 1808 887 ad
1832 847 1923 886 fab.

217 916 260 955 V
294 927 335 966 p.
376 917 426 955 14
461 928 541 967 sq„
578 917 635 955 ad
669 915 759 955 [ab.
795 916 898 955 XIII
932 929 972 967 p.
1009 917 1061 956 27
1097 929 1178 968 sq..
1214 918 1271 957 ad
1305 917 1395 958 fab.
1420 918 1551 958 XVII
1574 930 1616 969 p.
1641 920 1710 967 39,
1736 919 1806 958 ad.
1831 917 1922 958 fab.

217 986 371 1025 XXIV
407 998 446 1037 p.
482 989 551 1037 55,
588 987 645 1026 ad
679 987 771 1027 fab.
805 987 938 1027 XXV
974 999 1015 1038 p.
1052 989 1120 1033 50,
1156 988 1214 1028 ad
1247 988 1338 1028 fab.
1374 988 1569 1028 XXVIII
1604 1001 1646 1041 p.
1682 991 1750 1029 65.

336 1058 510 1108 Quodsi
551 1058 658 1109 quid
690 1058 904 1098 Phaedro
940 1058 1086 1098 simile
1121 1059 1302 1100 THIELE
1336 1060 1406 1099 his
1439 1060 1483 1099 in
1518 1060 1686 1100 fabulis
1718 1059 1924 1111 repperit

218 1154 269 1157 —
313 1140 594 1180 quamquam
639 1129 752 1169 talia
794 1141 899 1169 eum
941 1141 1084 1181 saepe
1128 1130 1347 1181 fugerunt
1390 1155 1442 1159 —
1486 1131 1584 1171 eius
1622 1132 1690 1171 rei
1731 1142 1923 1171 causam

216 1200 321 1239 inde
356 1201 474 1239 solet
507 1208 726 1252 repetere
762 1201 884 1251 quod
917 1201 1135 1252 Aesopus
1166 1202 1338 1242 latinus
1372 1202 1461 1253 ille,
1488 1214 1625 1253 quem
1648 1203 1791 1253 finxit,
1818 1213 1922 1242 cum

216 1271 428 1310 Phaedro
463 1271 520 1311 sit
556 1271 913 1312 contaminatus.
975 1272 1169 1318 THIELE,
1204 1273 1274 1313 Ill.
1310 1274 1463 1325 Aesop
1499 1274 1627 1316 z'Cod.
1654 1286 1729 1324 egr.
1766 1280 1811 1313 et
1843 1274 1921 1313 lat.

217 1342 286 1381 ed.
322 1354 382 1381 DE
417 1342 566 1382 Vmsss
607 1343 754 1393 Lug-d.
790 1343 889 1383 Bat.
932 1344 1056 1393 1905>
1098 1356 1138 1394 p.
1174 1344 1199 1383 3
1234 1356 1322 1395 sq.:
1363 1344 1572 1384 »Zander
1605 1345 1806 1395 gebuhrt
1840 1344 1923 1383 das

216 1412 471 1453 Verdienst
512 1413 603 1452 den
635 1413 912 1465 Anonymus
946 1414 1007 1463 (id
1042 1422 1111 1454 est
1147 1415 1247 1455 cod.
1283 1426 1311 1456 a
1344 1417 1419 1455 vel
1453 1416 1694 1466 Ademari)
1729 1415 1771 1455 in
1807 1414 1924 1454 zwei

215 1483 711 1534 grundverschiedene
751 1484 1070 1525 Bestandteile
1111 1487 1290 1536 zerlegt
1325 1498 1381 1525 zu
1413 1487 1566 1526 haben
1602 1486 1676 1536 (cf.
1713 1498 1769 1526 ea
1804 1497 1922 1537 quae

216 1566 256 1605 p.
292 1554 375 1594 VII
408 1567 473 1605 sq.
508 1555 642 1594 huius
675 1555 778 1594 libri
802 1555 1104 1606 scripsimus»,
1130 1569 1222 1596 von
1246 1557 1399 1596 denen
1423 1556 1494 1597 die
1519 1558 1726 1597 kleinere
1751 1557 1921 1602 Halfte,

216 1625 276 1665 im
325 1637 508 1676 ganzen
558 1626 638 1665 ¹29»
693 1628 880 1676 (revera
929 1634 1034 1667 sunt
1074 1628 1145 1677 31)
1192 1627 1354 1668 >einen
1388 1640 1480 1679 eng
1513 1640 1570 1668 an
1608 1629 1815 1668 Phadrus
1849 1639 1922 1667 an-

215 1696 568 1736 schliessenden
586 1697 705 1737 Text
730 1698 857 1747 giebt
893 1731 899 1738 .
920 1731 927 1738 .
950 1731 957 1738 .
994 1698 1092 1738 Wir
1115 1699 1479 1739 unterscheiden
1503 1700 1602 1739 also
1625 1711 1712 1739 nur
1734 1699 1853 1739 zwei
1887 1731 1893 1738 .
1913 1732 1920 1739 .

215 1767 378 1818 Typen
517 1770 704 1818 (revera
750 1768 866 1808 liber
911 1780 939 1810 a
979 1769 1185 1809 continet
1220 1771 1325 1810 tria
1359 1782 1536 1820 genera
1570 1770 1831 1810 fabularum
1865 1782 1922 1809 ex

215 1839 394 1878 duabus
419 1839 795 1878 collectionibus:
820 1851 845 1880 Ρ
869 1840 941 1889 (10
966 1855 997 1890 cp
1021 1844 1064 1886 ÷
1095 1841 1138 1879 ll
1166 1854 1199 1879 π
1217 1844 1261 1887 -l-
1291 1841 1340 1880 10
1363 1844 1408 1891 x)
1435 1848 1479 1881 et
1504 1841 1573 1882 Ad
1593 1842 1661 1891 (31
1685 1856 1717 1892 φ
1736 1845 1779 1888 -l—
1798 1843 1824 1880 5
1841 1845 1918 1892 x):

214 1921 257 1948 v.
282 1921 323 1960 p.
349 1908 433 1948 VII
457 1911 541 1960 sq.)
571 1909 695 1949 »Der
725 1917 849 1950 erste
874 1910 1032 1961 Typus
1059 1944 1065 1950 .
1088 1944 1095 1951 .
1120 1911 1178 1951 ist
1202 1911 1437 1952 durchaus
1459 1912 1600 1962 nicht,
1624 1912 1714 1952 wie
1739 1912 1923 1952 Zander

215 1979 453 2025 annimmt,
504 1980 632 2019 einer
671 1981 1021 2031 selbsta‘ndigen
1062 1982 1152 2021 und
1189 1983 1561 2033 vollstandigen»
1601 1983 1704 2034 [hoc
1739 1994 1922 2034 quoque

215 2051 318 2090 loco
366 2050 546 2090 TfflELE
594 2062 668 2090 me
717 2051 761 2090 id
810 2051 1045 2092 dicentem
1092 2052 1206 2092 facit
1240 2054 1361 2104 quod
1401 2065 1655 2105 numquam
1688 2054 1920 2105 dixerimi]

218 2121 793 2172 »Phaedrus-Paraphrase
819 2129 1134 2172 entnommen,
1155 2124 1360 2164 sondern
1382 2124 1440 2165 ist
1462 2125 1615 2164 nichts
1638 2127 1707 2165 als
1731 2125 1833 2164 eine
1857 2124 1921 2164 In-

213 2192 495 2243 terpolation
527 2192 610 2232 des
643 2192 867 2233 Romulus
900 2194 1045 2233 durch
1078 2194 1213 2234 einen
1238 2195 1365 2235 nicht
1387 2195 1609 2235 metrisch
1634 2196 1921 2246 abgeteilten

213 2263 633 2303 Phaedrus-Text».
671 2264 792 2314 quod
825 2264 1006 2304 THIELE
1039 2265 1148 2304 mihi
1182 2266 1367 2316 quidem
1397 2278 1487 2306 non
1511 2267 1727 2317 probavit
1750 2265 1772 2307 ¹.
1797 2278 1920 2306 nam-

215 2345 302 2384 que
351 2342 400 2374 ut
445 2346 536 2373 non
575 2336 851 2385 negaverim
883 2336 1092 2386 potuisse
1127 2336 1358 2376 interdum
1391 2349 1531 2376 unam
1565 2339 1826 2377 alteramve
1859 2337 1921 2377 ia-

213 2406 369 2444 bulam
402 2406 661 2455 prosariam
697 2417 801 2445 cum
834 2406 1048 2445 Phaedro
1082 2407 1404 2457 contaminari,
1439 2408 1503 2448 ita
1532 2421 1624 2449 non
1647 2409 1748 2448 veri
1771 2409 1919 2449 simile

215 2481 284 2514 est
319 2475 532 2515 codicum
568 2487 596 2517 a
627 2488 670 2518 w
703 2488 727 2517 1²
760 2476 943 2517 fabulas
971 2477 1207 2527 plurimas,
1234 2479 1446 2529 quamvis
1469 2481 1615 2520 multa
1636 2481 1681 2520 in
1705 2480 1760 2520 iis
1781 2480 1920 2520 insint

214 2546 536 2586 Phaedrianae
571 2547 762 2597 originis
795 2547 930 2598 signa
964 2549 1196 2599 rebusque
1232 2561 1337 2589 cum
1370 2549 1583 2590 Phaedro
1608 2547 1918 2601 consentiant,

214 2628 305 2655 non
351 2628 408 2656 ex
450 2617 663 2657 Phaedro
707 2618 878 2668 petitas
916 2618 998 2658 sed
1033 2630 1138 2658 cum
1176 2620 1390 2660 Phaedro
1425 2633 1528 2661 esse
1565 2622 1918 2662 contaminatas.

214 2686 319 2736 quid
366 2686 487 2726 enim
537 2700 709 2728 causae
760 2688 900 2728 fuisse
952 2701 1199 2730 censemus
1249 2702 1331 2730 cur
1378 2698 1446 2731 tot
1487 2692 1690 2742 optimae
1732 2692 1918 2732 fabulae

214 2757 389 2809 Aesopi
437 2758 556 2798 illius
604 2759 746 2809 latini,
792 2784 842 2786 —
886 2772 1023 2811 quem
1071 2761 1284 2801 laudibus
1318 2761 1509 2802 summis
1541 2762 1721 2802 THOELE
1756 2764 1918 2803 extulit

334 2851 341 2868 ¹
371 2854 464 2885 Item
494 2855 681 2886 Possem-i:
707 2857 920 2896 nuperrime
949 2857 1120 2888 editionis
1149 2857 1408 2889 Phaedrianae
1427 2859 1662 2898 praefatione
1682 2870 1714 2900 p.
1737 2860 1825 2891 VIII
1845 2861 1915 2892 hoc

213 2912 353 2943 Tamtu
382 2920 632 2945 commentum
662 2915 882 2955 repudiavit.
