2152 3229
609 150 698 189 Cap·
727 149 790 180 ΙΙΙ.
842 149 898 180 De
926 158 1099 180 sermone
1127 148 1391 179 diasceuastae
1418 156 1447 188 ῳ
1773 143 1881 171 LXIX

184 259 285 294 Itala
334 259 480 296 Matth.
513 258 570 294 27.
596 257 643 293 23
678 261 737 297 illi
777 257 924 305 magis
964 251 1219 305 [περισσῶς]
1253 256 1506 293 clamabant
1540 254 1743 299 (RONSCH
1775 252 1879 302 342);

185 328 318 376 Greg.
369 330 471 366 Tur.
519 329 600 367 243.
626 331 649 367 9
675 332 709 367 si
744 336 788 367 tu
822 327 983 375 aliquid
1018 326 1166 373 magis
1198 326 1354 372 cernis,
1390 336 1559 362 enarra.
1598 345 1650 348 ——
1684 324 1761 361 sed
1795 325 1881 361 iam

186 399 360 437 Tacitus
393 412 429 437 a.
465 401 548 438 XV
578 401 620 438 16
648 403 739 439 sola
770 397 1071 437 misericordia
1092 398 1276 439 valebat,
1303 403 1343 432 et
1366 396 1479 443 apud
1503 396 1693 432 minores
1717 395 1880 442 magis.

303 467 524 508 nimium
557 488 600 501 z
635 467 793 512 valde;
827 481 865 506 v.
902 480 935 505 s.
968 479 1008 503 v.
1043 463 1218 502 nimius
1250 474 1291 513 p.
1327 474 1449 501 LXIV».

302 538 489 590 sicque
505 558 550 571 Ξ
573 539 654 579 sic,
679 554 703 579 a
733 541 765 577 9.
796 540 835 575 11
868 538 924 586 (p.
945 535 1069 583 XXIX)
1093 538 1250 584 sicque,
1283 548 1325 573 a:
1349 537 1412 574 sic
1434 537 1480 572 P.
1507 555 1558 559 -—
1580 536 1632 572 cf.
1658 536 1880 571 XVOELFF-

187 620 258 648 [ΛΝ
287 613 339 649 A.
374 613 422 650 L.
457 614 504 650 L.
540 614 615 651 VII
646 612 726 648 006.
760 611 894 657 Greg.
930 609 1030 645 Tur.
1056 607 1136 642 641.
1168 606 1222 641 17.
1248 607 1404 653 Sz'cqne
1427 612 1583 643 cuncta
1605 617 1716 653 quae
1740 611 1881 652 pertu-

185 684 293 719 lerat
326 694 400 720 ore
432 685 607 731 proprio
641 681 873 720 enarravit.

303 753 352 788 ct
395 750 474 789 sic
506 770 550 782 z
584 749 764 790 deinde.
812 763 835 788 a
879 749 936 785 30.
969 749 1012 784 14
1041 756 1081 786 te
1114 759 1277 796 quaeso
1310 755 1354 785 ut
1388 754 1513 785 antea
1546 758 1705 785 nomen
1738 758 1884 784 meum

186 824 318 866 dicas,
354 829 393 861 et
422 825 485 862 sic
517 835 586 861 me
619 823 852 861 devorabis
875 837 919 849 z
945 848 952 855 .
980 847 986 855 .
1012 820 1170 857 deinde
1203 830 1272 856 me
1306 818 1550 855 devorabis.
1575 838 1630 842 ——
1655 818 1882 865 Peregrin.

184 893 230 928 43
277 895 421 931 omnia
469 906 580 942 quae
627 903 997 931 consueveramus
1030 891 1175 927 facere
1209 890 1338 939 etiam
1373 896 1413 926 et
1445 889 1512 925 hic
1548 889 1659 926 facta
1692 895 1810 930 sunt2
1846 893 1887 926 et

184 966 247 1003 sic
293 966 487 1012 cepimus
537 966 580 1002 (i.
615 977 650 1002 e.
685 962 925 1011 coepimus)
961 962 1175 1009 egredere
1208 961 1261 997 de
1295 960 1499 1007 ecclesia;
1534 960 1740 997 Iordanes
1778 959 1836 995 97.
1862 958 1886 993 3

540 999 548 1012 'x

185 1036 371 1082 primum
404 1037 571 1083 Epiros,
604 1036 758 1073 dehinc
793 1033 1070 1075 Dalmatiam,
1106 1037 1146 1070 et
1175 1033 1238 1069 sic
1261 1031 1491 1068 Venetiam
1515 1031 1674 1067 radens
1696 1032 1886 1077 palmula

184 1107 363 1153 navigat
384 1122 428 1135 :z
454 1134 461 1141 .
488 1134 495 1141 .
521 1107 678 1144 deinde
711 1105 943 1142 Venetiam
969 1131 976 1138 .
1003 1131 1010 1138 .
1039 1130 1046 1137 .
1073 1115 1080 1145 ;
1114 1102 1248 1149 Greg.
1285 1102 1386 1138 Tur.
1420 1100 1570 1154 ‘2073‘21
1602 1103 1671 1138 vel
1694 1102 1887 1138 licuisset

184 1177 304 1224 prius
351 1188 506 1215 causas
554 1177 784 1224 inspicere,
835 1180 874 1213 et
920 1176 982 1213 sic
1031 1174 1084 1211 de
1123 1179 1333 1220 potestate
1379 1179 1525 1209 nostra
1559 1172 1710 1209 fuisset
1743 1173 1887 1208 ablata

184 1249 290 1285 haec
324 1249 469 1285 anima
491 1263 535 1276 z
560 1275 567 1282 .
595 1277 602 1283 .
628 1247 786 1284 deinde
812 1274 819 1281 .
845 1273 852 1280 .
881 1273 888 1280 .
914 1265 966 1269 -
999 1246 1061 1283 sic
1094 1260 1138 1273 Ξ
1172 1256 1217 1281 l't‘
1249 1244 1311 1282 sic
1345 1247 1600 1290 comparata
1636 1243 1720 1279 iam
1744 1242 1888 1289 Nepos

185 1325 226 1355 et
258 1319 422 1356 Livius.

304 1447 349 1486 b.
383 1444 856 1496 praepositiones.

304 1529 519 1579 absque.
555 1543 578 1568 a
604 1531 661 1566 oO.
688 1535 710 1565 o
741 1532 797 1578 (p.
817 1528 879 1573 4¹23»
916 1531 1078 1576 absque
1097 1529 1262 1566 ordine.
1292 1547 1345 1551 —
1370 1527 1481 1564 Yict.
1507 1526 1644 1563 Yirss
1665 1525 1706 1560 14
1725 1528 1889 1572 absque

185 1603 364 1643 solacio:
414 1602 709 1649 Hieronymus
756 1601 923 1637 Anecd.
978 1600 1166 1637 Mareds.
1202 1599 1253 1635 ΠΙ
1284 1596 1306 1633 2
1332 1596 1414 1632 420.
1441 1598 1463 1631 5
1497 1599 1660 1644 absque
1692 1603 1884 1643 peccato,

187 1684 253 1719 ep.
292 1671 369 1708 130.
400 1672 442 1707 17
475 1674 638 1720 absque
670 1673 820 1709 notitia
853 1672 1181 1718 scripturarum.

306 1739 350 1791 [a
397 1745 572 1780 causale
619 1755 716 1780 cum
765 1744 827 1780 rei
875 1743 1063 1780 nomine.
1114 1753 1135 1777 r
1184 1741 1242 1777 IV
1283 1746 1316 1775 o.
1348 1739 1388 1774 17
1432 1750 1487 1787 (p.
1522 1738 1583 1782 oo)
1632 1738 1828 1776 consumi
1862 1750 1887 1775 a

186 1816 316 1852 malo.
349 1815 464 1862 quod
499 1815 584 1851 iam
618 1798 846 1851 Phaedrus
874 1812 984 1849 1117.
1014 1812 1057 1847 16
1085 1825 1111 1849 a
1145 1819 1297 1848 catena
1331 1812 1488 1848 collum
1523 1804 1756 1856 det1·itum.]

305 1892 360 1920 ac
403 1893 564 1921 rursus
597 1894 623 1920 a
656 1880 938 1932 praepositio
972 1879 1156 1930 agentis
1179 1878 1365 1918 omissa.
1391 1894 1414 1919 a
1443 1882 1506 1918 13.
1534 1882 1556 1917 6
1583 1879 1638 1928 (p.
1664 1880 1706 1925 ὃ)
1737 1880 1888 1917 hostiis

187 1956 416 1994 cellarario
449 1957 634 2003 repulsis
667 1971 711 1984 Ξ
744 1955 864 1993 ostiis
898 1966 921 1991 a
955 1954 1132 1991 cellario
1165 1954 1364 2001 repulsis.
1393 1972 1443 1976 —
1469 1952 1603 1999 Greg.
1633 1952 1734 1988 Tur.
1763 1950 1839 1985 171.
1865 1949 1889 1985 8

186 2027 399 2064 daemone
431 2032 603 2074 arrepta
626 2042 670 2055 Ξ
695 2038 719 2063 a
751 2026 991 2063 daemone.
1022 2036 1042 2066 .;
1076 2024 1311 2061 Cassianus
1335 2025 1429 2061 coll.
1458 2022 1509 2058 is.
1540 2022 1593 2057 15.
1622 2021 1642 2055 7
1665 2022 1888 2059 dirissimo

185 2098 396 2135 daemone
428 2097 646 2144 adreptus,
670 2097 804 2144 Greg.
831 2096 932 2133 Tur.
961 2096 1036 2130 185.
1063 2094 1106 2130 21
1132 2096 1325 2142 Ammlso
1350 2095 1539 2141 quodam
1564 2094 1782 2135 collectus,
1806 2090 1888 2126 543.
1938 2143 1941 2145 ‚

185 2166 231 2201 37
263 2167 377 2214 quod
411 2168 575 2205 eisdem
609 2168 784 2205 domino
819 2168 1084 2214 impertitum
1117 2173 1181 2203 est
1214 2170 1416 2209 creatore,
1441 2164 1521 2199 564.
1553 2164 1594 2198 14
1622 2164 1722 2200 felix
1745 2163 1889 2200 anima

189 2238 358 2275 Christo
407 2239 625 2276 conditore
672 2238 918 2285 suscipitur,
967 2236 1046 2272 680.
1077 2235 1119 2271 12
1156 2237 1229 2284 qui
1277 2236 1405 2272 etiam
1440 2235 1579 2273 z'zm'l'c'e
1610 2240 1759 2281 postea
1792 2238 1890 2269 sunt

187 2308 368 2355 dimissi,
417 2307 497 2343 691.
523 2308 547 2343 8
585 2306 757 2345 libellus
797 2309 1026 2355 nescioquo
1075 2307 1338 2354 compositus
1362 2322 1406 2334 z
1431 2333 1438 2340 .
1466 2332 1473 2339 .
1499 2318 1521 2342 a
1568 2305 1804 2351 nescioquo
1830 2331 1838 2339 .
1865 2314 1887 2347 .;

189 2379 298 2416 Vict.
349 2379 434 2415 vit.
484 2379 500 2415 I
539 2378 563 2413 8
609 2379 686 2416 sed
735 2386 775 2415 et
806 2380 938 2415 urbes
976 2390 1109 2426 quam
1142 2378 1356 2425 plurimae
1389 2381 1467 2414 (lat
1498 2377 1614 2413 raris
1647 2380 1725 2412 ant
1756 2375 1889 2412 nullis

187 2450 507 2487 habitatoribus
531 2450 788 2486 incoluntur.
820 2470 867 2473 --—
891 2449 1013 2486 cuius
1032 2449 1094 2485 rei
1116 2449 1236 2485 initia
1254 2448 1469 2496 quaedam
1489 2447 1602 2494 apud
1622 2446 1888 2493 antiquiores

186 2520 474 2567 reperiuntur.
508 2531 548 2556 v.
582 2520 813 2556 DRAEGER
846 2514 886 2555 Ι2
919 2520 937 2562 ξ
967 2518 1050 2562 229,
1074 2520 1266 2556 MADVIG
1290 2519 1308 2562 ξ
1330 2517 1410 2562 254,
1437 2517 1470 2558 3,
1495 2517 1540 2554 C.
1567 2518 1612 2554 F.
1638 2517 1706 2553 W.
1732 2517 1888 2553 MUEL-

189 2599 277 2626 LER
310 2591 364 2628 ad
397 2590 478 2628 Off.
512 2591 528 2627 Ι
564 2589 642 2633 139,
678 2590 1013 2626 ΡΗΙΕΙᾺᾸΝΒΕΚ
1047 2590 1101 2627 ad
1133 2590 1323 2626 Iuvenal.
1357 2590 1373 2625 Ι
1408 2588 1451 2623 13
1483 2596 1523 2625 et
1556 2588 1632 2624 VII
1664 2587 1722 2622 64.

306 2661 499 2697 contra
532 2676 575 2689 z
610 2657 655 2696 in
690 2669 727 2696 c.
763 2668 862 2697 acc.
899 2671 920 2696 r
952 2660 1003 2696 ΠΙ
1029 2659 1061 2695 o.
1087 2659 1111 2695 3
1148 2657 1255 2707 Βζρ.
1275 2658 1322 2694 28
1344 2658 1461 2705 adn.)
1482 2663 1631 2697 contro
1650 2659 1888 2695 fortunatos

187 2731 369 2769 livorem
402 2748 446 2760 z
480 2733 522 2769 in
555 2733 794 2769 fortunatos
826 2731 898 2767 liv.
934 2750 988 2754 —
1022 2731 1248 2777 Peregrin.
1282 2730 1329 2764 50
1358 2731 1553 2766 fecerunt
1576 2739 1714 2775 aquae
1738 2728 1886 2764 decur-

188 2812 282 2838 sum
317 2807 467 2840 contra
501 2803 593 2849 ipso
626 2804 721 2839 loco
744 2817 788 2830 Ξ
814 2829 820 2836 .
848 2829 855 2836 .
881 2802 921 2837 in
957 2812 1055 2837 eum
1088 2803 1243 2838 locum.

306 2880 419 2908 cum
465 2869 834 2915 -z‘nstrnmentale.
877 2884 900 2908 a
936 2871 989 2906 17.
1020 2870 1062 2906 14
1093 2882 1149 2918 tp.
1190 2869 1256 2916 10>
1292 2883 1389 2908 (mn
1420 2871 1568 2917 lingua
1592 2870 1806 2916 linguens.
1832 2888 1887 2893 —
