2152 3229
772 201 862 234 Fab.
890 201 991 233 XIV.
1042 201 1182 242 Vulpes
1210 200 1335 232 invida
1847 187 1899 226 31

206 308 281 345 tibi
319 308 458 353 (hosti)
490 324 522 338 Ν
557 312 588 344 Φ
621 307 637 343 I
668 307 725 343 31.
760 306 804 342 10
835 306 1012 343 tradunt
1042 316 1138 343 sese
1171 307 1315 351 miluo,
1344 305 1403 342 IV
1427 307 1461 343 5.
1487 307 1533 342 44
1559 306 1689 343 tradit
1712 307 1906 343 luxuriae

208 362 397 408 domum,
432 372 526 408 app.
563 360 616 396 13.
642 359 689 396 29
715 359 891 396 tradunt
916 359 1136 406 figendum
1165 359 1293 395 cruci.
1321 381 1365 384 —
1395 360 1438 396 18
1461 359 1663 396 sollicitus
1688 376 1720 389 Ν
1748 363 1780 395 Φ
1805 359 1822 395 Ι
1847 359 1904 396 31.

205 416 238 452 7.
274 436 316 441 —-
352 416 394 452 19
428 415 614 452 tribuam
647 413 843 460 quicquid
873 413 1058 450 volueris
1087 430 1119 443 Ν
1153 418 1185 450 Φ
1212 424 1305 460 app.
1332 414 1364 449 3.
1392 414 1414 449 7
1440 413 1626 450 tribuam
1652 412 1771 449 vobis
1796 412 1910 458 quod

206 479 393 515 quaeque
418 467 585 515 optarit.
613 489 655 492 —
684 466 879 514 quicquid
905 466 1090 503 volueris
1117 467 1252 503 exitus
1280 467 1437 503 senarii
1462 482 1494 495 Ν
1522 469 1553 501 Φ
1572 476 1665 512 app.
1684 465 1717 502 3.
1740 465 1781 501 10
1799 465 1905 511 quic-

207 521 310 568 quid
332 521 516 567 tetigerit
541 521 676 558 exitus
703 520 874 557 senarii.
904 541 946 544 —
972 520 1019 556 20
1047 519 1224 555 ostendit
1251 520 1444 556 clausum
1471 520 1615 566 lupum
1644 535 1675 547 Ν
1703 523 1734 555 Φ
1759 518 1799 554 V
1825 518 1857 554 6.
1884 519 1907 553 4

207 575 386 611 ostendit
409 575 479 611 ille
505 573 724 621 praedam,
752 572 809 609 III
840 574 891 610 15.
918 573 942 609 3
969 583 1158 619 ovesque
1185 577 1441 618 segregatas
1469 571 1647 608 ostendit
1671 572 1834 618 procul.
1863 592 1905 595 —

206 628 296 665 ilico
330 644 361 656 Ν
390 632 421 664 Φ
448 638 542 674 app.
573 627 626 663 13.
656 627 699 663 18
724 626 814 663 ilico
841 625 1128 662 succenditur.
1157 646 1199 650 —
1227 625 1422 661 clausum
1449 624 1597 671 lupum
1624 642 1655 654 Ν
1684 627 1715 659 Φ
1741 623 1801 659 IV
1825 624 1858 660 9.
1885 624 1906 658 4

207 683 321 727 (cum
354 682 518 728 vulpes)
556 680 707 716 altiore
739 679 1003 715 clauderetur
1035 678 1245 724 margine.
1278 698 1321 702 —
1347 678 1391 713 21
1422 688 1550 724 quem
1575 676 1758 724 peremit
1780 676 1907 722 proti-

207 745 289 771 nus
314 750 346 763 Ν
375 738 406 770 Φ
432 733 492 770 IV
521 734 574 770 19.
600 733 624 768 4
648 732 791 769 necuit
818 731 979 776 (nocuit
1003 730 1049 772 P)
1077 731 1298 767 hominem
1322 730 1530 776 protinus,
1558 741 1652 776 app.
1678 729 1711 766 3.
1739 730 1760 765 7
1779 730 1906 765 tribu-

209 798 276 823 am
315 787 440 824 vobis
477 785 683 832 protinus.
713 785 867 831 quibus
900 783 1100 820 omnibus
1134 784 1240 820 locis
1264 782 1461 830 protinus
1488 784 1706 820 senarium
1734 782 1906 818 claudit.

208 861 250 865 —
277 840 323 876 22
349 841 522 887 vulpem
548 837 763 875 saturavit
786 839 852 873 vel
878 836 1054 873 satiavit
1078 836 1213 872 alieno
1240 853 1272 865 Ν
1298 836 1355 872 III
1381 837 1414 872 7.
1437 837 1479 872 14
1497 837 1621 881 largo
1640 835 1794 872 satiari
1809 835 1907 872 cibo.

207 914 249 918 —
277 893 324 929 23
350 893 392 929 in
419 897 649 929 venatores
675 892 827 938 vulpes
854 889 994 926 incidit
1019 905 1051 918 Ν
1076 889 1116 925 Y
1142 889 1175 926 2.
1198 890 1212 925 1
1243 890 1326 926 (1110
1347 900 1446 926 cum
1464 889 1705 926 e'tecz'dzssent
1721 890 1763 925 in
1782 890 1908 925 latro·

206 956 306 982 nem
345 945 511 982 milites.
552 966 594 970 —
634 947 858 980 venatores
883 960 914 972 Ν
943 947 974 979 Φ
1001 954 1095 990 app.
1120 942 1178 979 26.
1204 943 1237 986 6,
1266 942 1302 979 Π
1328 943 1362 979 8.
1389 942 1422 988 2,
1449 943 1488 978 V
1518 943 1571 980 10.
1598 944 1630 979 6.
1659 964 1701 967 —
1729 942 1776 978 24
1801 953 1907 979 conz-

203 1004 363 1045 prensu
394 1017 426 1029 Ν
459 998 516 1034 ΙΙΙ
549 999 582 1034 5.
612 998 655 1033 10
681 1001 957 1043 comprensus
983 1006 1145 1043 poenas
1172 996 1382 1043 persoluit
1408 1007 1547 1033 cruce.
1576 1017 1618 1022 —
1648 996 1749 1032 dum
1776 995 1908 1032 luniu-

207 1055 277 1088 tur
308 1063 334 1088 cz
367 1051 542 1088 canibus
569 1068 600 1080 Ν
628 1055 660 1087 Φ
686 1050 702 1086 Ι
732 1050 785 1086 12.
815 1050 852 1085 11
883 1049 1066 1085 lacerari
1089 1049 1229 1095 coepit
1256 1049 1473 1086 morsibus
1501 1050 1642 1086 saevis
1669 1059 1836 1085 canum.
1863 1070 1909 1074 —

209 1105 413 1150 [gemens]
442 1122 474 1135 Ν
502 1109 533 1141 Φ
558 1104 598 1140 V
623 1104 655 1139 7.
686 1103 728 1139 10
755 1104 933 1139 multum
961 1113 1149 1147 gemens
1178 1123 1219 1126 —
1247 1102 1294 1138 25
1317 1107 1441 1148 pereo
1459 1120 1491 1133 Ν
1509 1108 1540 1140 Φ
1558 1113 1700 1150 saepe.
1722 1124 1766 1127 -—
1784 1102 1909 1139 modo

207 1175 252 1188 =
284 1159 413 1205 paulo
448 1163 545 1194 ante
570 1175 602 1187 Ν
631 1161 662 1194 Φ
689 1157 705 1192 I
731 1157 764 1193 9.
791 1157 813 1192 9
841 1156 913 1203 qui
939 1155 1062 1191 modo
1090 1166 1269 1192 securus
1296 1161 1444 1192 nostra
1471 1156 1689 1193 inridebas
1718 1156 1842 1200 mala,
1869 1155 1908 1190 Y

207 1211 240 1249 2.
271 1212 295 1248 8
326 1212 482 1248 vellem
519 1210 759 1247 adiuvisses
792 1209 928 1253 modo,
962 1219 1056 1256 app.
1092 1208 1146 1245 15.
1184 1208 1227 1244 16
1260 1208 1409 1255 flagris
1442 1220 1537 1246 sum
1566 1219 1730 1253 caesus,
1756 1219 1906 1244 verum

209 1264 308 1311 quia
342 1264 437 1309 dixi,
464 1264 599 1300 modo.
628 1286 671 1289 —
697 1263 744 1300 26
771 1263 952 1300 alterum
982 1263 1272 1309 (generaliter)
1300 1279 1344 1300 .=
1371 1265 1440 1299 τὸν
1463 1265 1629 1309 πλησίον
1651 1279 1683 1292 Ν
1711 1267 1742 1299 Φ
1769 1262 1826 1298 III
1856 1263 1910 1298 10.

207 1319 264 1362 55,
292 1317 351 1353 IV
376 1318 409 1353 4.
440 1317 494 1354 13.
524 1339 564 1342 —-
591 1317 638 1354 27
663 1317 805 1354 nocuit
828 1334 873 1347 z
900 1317 1023 1353 laesit
1047 1332 1078 1345 Ν
1107 1320 1138 1353 Φ
1165 1316 1181 1352 Ι
1206 1315 1264 1353 26.
1294 1316 1309 1352 1
1339 1315 1451 1352 Nulli
1478 1315 1735 1359 nocendum,·
1761 1316 1797 1352 si
1817 1316 1911 1362 quis

209 1381 313 1407 vero
341 1370 519 1416 laeserit,
546 1371 814 1407 multandum
841 1370 969 1407 simili
996 1370 1100 1406 iure.

326 1423 509 1470 Propter
536 1435 665 1471 quam
683 1429 844 1461 tantam
865 1423 1101 1459 verborum
1122 1422 1455 1469 congruentiam
1475 1422 1700 1469 probabile
1719 1427 1784 1459 est
1800 1422 1911 1458 hanc

208 1477 397 1514 fabulam
424 1477 678 1524 provenisse
706 1488 730 1513 a
755 1476 941 1513 Phaedri
969 1475 1153 1512 officina.

327 1530 416 1567 Iam
449 1541 589 1577 pauca
622 1530 674 1566 de
706 1530 871 1566 rebus.
908 1540 957 1565 ac
985 1529 1173 1576 primum
1200 1529 1281 1565 hoc
1309 1529 1594 1565 memorabile
1622 1534 1685 1566 est
1712 1528 1827 1575 quod
1854 1529 1910 1564 lu-

208 1594 287 1631 pus
325 1584 498 1630 vulpem
538 1583 593 1620 ob
631 1583 861 1620 blanditias
894 1582 1100 1619 subdolas
1132 1582 1337 1629 increpat.
1370 1582 1476 1618 haec
1511 1582 1644 1626 igitur
1677 1582 1821 1618 1301113
1848 1589 1912 1618 651

208 1637 319 1673 inter
345 1647 418 1673 eas
446 1636 600 1683 quibus
628 1636 881 1683 repudiatur
905 1640 1133 1682 perspecta
1161 1635 1340 1671 fallacia.
1370 1635 1491 1671 cuius
1510 1635 1685 1681 generis
1703 1640 1802 1672 sunt
1818 1645 1909 1681 per-

209 1690 368 1726 multae
402 1689 573 1732 iabulae
604 1689 804 1726 Phaedri.
831 1696 876 1725 ut
904 1693 935 1726 Φ
962 1688 978 1724 I
1003 1688 1037 1733 3,
1067 1688 1120 1734 10,
1150 1688 1203 1733 11,
1233 1689 1286 1732 14,
1315 1688 1369 1732 16,
1399 1688 1452 1734 17,
1478 1688 1535 1732 22,
1561 1687 1619 1732 23,
1645 1688 1702 1734 25,
1728 1688 1786 1735 26,
1813 1688 1851 1724 ΙΙ
1876 1689 1910 1728 5,

210 1742 268 1778 ΙΙΙ
302 1742 356 1788 10,
391 1742 444 1787 13,
478 1742 535 1778 IV
568 1742 602 1788 2,
633 1742 691 1787 23,
724 1741 782 1787 24,
816 1742 856 1778 V
887 1741 920 1787 2,
947 1743 980 1782 5,
1010 1752 1104 1788 app.
1131 1741 1163 1786 4,
1194 1741 1246 1787 17,
1273 1741 1330 1786 26,
1357 1741 1414 1787 30,
1443 1755 1471 1787 φ
1498 1740 1589 1787 ΧΠ,
1616 1741 1770 1787 XVIII,
1798 1740 1911 1784 XIX,

208 1795 361 1841 XXIII,
394 1795 562 1832 XXIV.
585 1796 699 1843 quod
733 1795 906 1842 quidem
941 1795 1102 1841 aliquot
1139 1795 1311 1840 graecis
1344 1794 1389 1831 fit
1421 1794 1628 1840 similiter,
1663 1806 1687 1831 a
1713 1794 1912 1831 Phaedro

208 1859 313 1885 vero
340 1849 697 1896 frequentissime.
724 1850 808 1885 iam
837 1848 952 1896 quod
979 1848 1058 1884 hac
1086 1848 1242 1894 1301113,
1269 1854 1314 1884 111
1342 1848 1502 1894 aliquot
1528 1847 1713 1884 Phaedri
1742 1859 1829 1885 non
1847 1858 1912 1884 so-

209 1902 284 1938 luti
316 1902 481 1948 fabulis,
514 1908 735 1949 postremo
763 1903 905 1938 evenit
931 1907 987 1945 ut,
1015 1901 1085 1948 qui
1116 1902 1323 1948 peccavit,
1351 1901 1594 1937 calamitate
1621 1901 1811 1946 edoctus,
1839 1901 1911 1936 im-

210 1955 397 1992 minente
435 1962 584 2001 morte,
623 1966 670 1993 se
708 1966 914 2003 peccasse
948 1955 1041 2002 ipse
1074 1955 1404 1992 concedat:hoc
1433 1960 1673 2002 utrumque,
1702 1965 1800 1991 cum
1826 1964 1912 1990 non

209 2009 349 2045 solum
374 2009 416 2045 in
443 2008 627 2046 Phaedri
653 2009 729 2046 sed
757 2010 885 2045 etiam
912 2008 955 2045 in
983 2009 1165 2045 aliorum
1194 2008 1347 2045 fabulis
1375 2008 1458 2054 fiat,
1486 2014 1629 2045 tamen
1656 2018 1734 2055 pro
1754 2008 1911 2054 portio-

208 2072 262 2098 ne
288 2062 460 2108 saepius
486 2063 529 2098 in
556 2062 711 2099 fabulis
738 2062 935 2099 Phaedri.
963 2061 1045 2098 hoc
1073 2061 1258 2108 denique
1285 2061 1569 2098 memorabile
1588 2067 1651 2098 est
1671 2060 1787 2108 quod
1805 2061 1911 2097 haec

210 2114 262 2151 de
300 2116 428 2162 vulpe
466 2116 553 2162 lupi
594 2116 728 2162 copiis
770 2115 916 2153 invida
951 2114 1097 2152 1301113
1128 2125 1214 2151 11011
1248 2120 1359 2151 extat
1386 2114 1496 2151 inter
1522 2114 1689 2151 fabulas
1716 2124 1911 2160 graecas.

211 2178 339 2214 quarn
379 2167 562 2205 fortasse
602 2169 694 2216 ipse
732 2168 955 2207 Phaedrus
993 2169 1166 2206 invenit.
1200 2178 1387 2215 namque
1420 2168 1691 2214 excogitasse
1717 2177 1764 2204 se
1791 2177 1912 2214 quas-

211 2220 310 2256 dam
344 2221 522 2267 13011135,
558 2221 615 2258 III
641 2223 748 2269 prol.
775 2223 822 2259 38
847 2223 939 2270 ipse
966 2222 1205 2270 profitetur:
1235 2221 1428 2268 (Aesopi)
1461 2231 1634 2267 »porro0
1664 2220 1800 2267 inquit
1831 2229 1912 2256 >se-

210 2273 313 2309 mita
340 2273 422 2310 1661
447 2274 564 2310 viam
591 2281 632 2311 et
659 2276 848 2321 cogitavi
874 2277 999 2323 plura
1027 2286 1156 2323 quam
1183 2274 1450 2321 reliquerat».
1478 2273 1679 2320 idemque
1707 2272 1766 2309 IV
1784 2283 1846 2320 pr.
1868 2271 1912 2308 12

210 2325 420 2372 (13011135),
465 2337 591 2373 »quas
630 2338 791 2374 paucas
829 2329 900 2365 ille
939 2329 1169 2375 (Aesopus)
1209 2326 1407 2371 ostendit,
1436 2337 1518 2372 ego
1546 2327 1692 2373 plures
1719 2326 1847 2362 iero».
1875 2327 1914 2361 et

212 2379 312 2426 quia
344 2380 450 2416 haec
486 2379 630 2416 1301113
663 2393 692 2425 φ
723 2380 825 2417 XIV
858 2382 1018 2429 scripta
1053 2387 1116 2418 est
1142 2382 1184 2417 in
1212 2381 1431 2417 livorem
1458 2387 1498 2416 et
1525 2379 1822 2422 delatorem,
1851 2384 1914 2415 est

212 2433 328 2479 quod
367 2433 641 2479 suspicemur
678 2433 923 2471 Phaedrum
962 2434 1210 2481 significare
1250 2433 1460 2479 quasdam
1493 2443 1563 2469 res
1590 2442 1695 2468 suae
1720 2432 1846 2476 vitae,
1873 2437 1915 2467 et

212 2487 526 2523 obtrectatores
567 2482 986 2534 calumniatoresqu'e
1023 2487 1234 2535 quosdam
1261 2493 1424 2523 notare.
1453 2496 1636 2532 quorum
1663 2486 1846 2521 livorem
1873 2491 1913 2520 et

212 2540 473 2576 calumniam
502 2540 705 2586 queritur.
731 2541 876 2587 itaque
904 2543 935 2576 Φ
961 2540 1018 2576 ΙΙΙ
1044 2541 1150 2587 prol.
1176 2540 1224 2577 38
1249 2550 1340 2587 sqq.
1359 2540 1421 2576 sic
1439 2538 1684 2575 Phaedrus:
1705 2538 1913 2584 »cogitavi

211 2594 335 2640 plura
374 2603 503 2640 quam
542 2593 772 2639 (Aesopus)
812 2593 1055 2640 reliquerat,
1085 2593 1128 2629 in
1155 2593 1443 2629 calamitatem
1471 2591 1665 2638 deligens
1700 2590 1913 2638 quaedam

213 2656 368 2682 meam.
397 2646 552 2693 quodsi
581 2651 809 2682 accusatur
836 2646 943 2682 alius
971 2645 1129 2683 Seiano
1156 2646 1277 2688 foret,
1306 2645 1341 2682 si
1367 2645 1486 2681 testis
1515 2645 1633 2689 alius,
1660 2644 1787 2680 iudex
1806 2643 1914 2679 alius

213 2699 409 2746 denique,
438 2699 622 2745 dignum
657 2699 816 2735 faterer
848 2709 943 2735 esse
979 2709 1048 2735 me
1075 2699 1202 2735 tantis
1230 2699 1388 2735 malis».
1417 2703 1457 2734 et
1485 2702 1516 2734 Φ
1543 2697 1600 2733 III
1627 2697 1723 2743 epil.
1750 2696 1796 2733 29
1822 2707 1912 2743 sqq.

216 2752 314 2788 »sed
347 2751 575 2788 difficulter
608 2752 849 2789 continetur
881 2751 1066 2798 spiritus,
1099 2751 1356 2798 integritatis
1391 2751 1462 2797 qui
1488 2750 1685 2786 sincerae
1713 2749 1913 2785 conscius

215 2816 239 2841 a
256 2805 484 2855 noxiorum
503 2805 714 2852 premitur
732 2805 1004 2842 insolentiis».
1024 2805 1074 2841 61.
1095 2805 1222 2840 etiam
1244 2805 1275 2837 Φ
1292 2803 1350 2839 IV
1366 2814 1428 2850 pr.
1450 2802 1493 2839 15
1511 2813 1571 2849 sq.
1588 2807 1629 2838 et
1647 2801 1707 2838 IV
1723 2801 1766 2837 21
1787 2801 1861 2846 (22)
1884 2802 1913 2837 1.
