2152 3229
810 163 899 204 Cap.
927 163 972 194 ΙΙ.
1025 163 1081 195 De
1109 173 1250 204 genere
1277 172 1306 204 φ
1791 161 1915 188 XLYII

213 273 379 310 meritis
412 283 497 310 non
529 278 669 320 potes3
704 283 725 308 r
757 272 773 308 I
803 270 862 308 20.
903 272 917 307 1
956 283 995 319 p.
1032 270 1083 308 62
1117 273 1189 319 qui
1223 282 1309 308 non
1342 271 1461 308 audit
1483 272 1647 308 bonum
1671 271 1912 309 consilium.

213 345 257 381 in
290 354 337 380 se
372 344 564 380 inveniet
596 344 771 380 malum.
806 348 851 379 ut
884 343 990 379 haec
1024 343 1235 390 approbat
1267 343 1413 379 fabula
1434 357 1479 370 Ξ
1502 342 1663 379 bonum
1687 342 1915 379 consilium

212 409 285 462 {lui
325 425 411 452 non
451 414 648 461 audierit,
690 415 852 451 malum
874 408 876 451 Ι
898 415 940 450 in
979 424 1075 451 sese
1115 414 1318 457 inveniet,
1354 414 1461 450 haec
1494 419 1539 449 ut
1571 414 1725 450 fabella
1759 423 1910 459 appro-

211 486 297 531 bat,
331 486 387 522 ib.
427 485 476 521 14
512 486 691 533 eiusque
724 491 979 532 respuentes
1014 485 1243 522 consilium
1278 490 1631 530 contempserunt
1663 499 1706 511 z
1741 484 1910 520 consili-

212 568 284 594 um
324 561 578 604 respuentes
612 560 651 593 et
683 555 1048 603 contempserunt,
1089 555 1137 591 13
1172 565 1323 591 omnes
1356 555 1491 591 verba
1525 554 1769 591 hirundinis
1799 555 1907 591 deri-

214 633 365 665 serunt
396 643 440 656 =
476 629 536 669 [at]
572 637 723 663 omnes
756 626 952 663 derisere
983 625 1119 662 verba
1152 625 1411 672 hirundinis,
1451 626 1500 662 15
1535 631 1579 662 ut
1612 626 1692 661 hoc
1725 626 1832 662 vidit
1855 626 1914 661 hi-

163 711 165 713 *
214 698 367 745 rundo,
410 698 464 735 ad
498 698 695 735 homines
734 707 780 733 se
813 697 1031 733 transtulit
1063 712 1107 725 ——-
1141 697 1256 743 qnod
1287 697 1363 734 illa
1396 702 1441 733 ut
1472 697 1593 743 vidit,
1628 707 1724 732 sese
1758 696 1811 733 ad
1845 696 1914 733 ho-

212 770 351 806 mines
391 769 620 814 transtulit,
673 768 721 804 16
767 773 812 804 ut
851 774 940 804 tuta
979 773 1093 804 esset
1131 768 1210 804 sub
1251 768 1376 804 tectis
1417 778 1567 804 eorum
1600 783 1644 794 2:
1679 778 1830 804 eorum
1872 774 1917 804 ut

214 839 388 884 [semper]
427 844 517 876 tuta
550 840 629 876 sub
662 840 786 875 tectis
820 839 942 876 foret.

330 905 422 946 Sed
461 906 580 945 haec
620 905 868 961 hactenus,
896 906 1087 956 longum
1128 912 1197 945 est
1238 904 1360 945 enim
1399 905 1510 944 talia
1549 905 1706 944 omnia
1745 906 1915 945 exscri-

213 978 337 1018 bere.
385 983 430 1016 et
477 976 671 1016 forsitan
722 976 922 1028 cuipiam
960 976 1126 1016 videar
1164 976 1305 1016 fuisse
1341 975 1385 1015 in
1418 976 1488 1015 his
1520 976 1716 1026 longior.
1751 987 1915 1015 verum

210 1048 329 1088 haec
375 1055 471 1088 tam
519 1049 665 1088 multa
711 1049 928 1099 exempla
967 1048 1099 1087 attuli
1137 1059 1230 1087 non
1264 1047 1402 1086 modo
1437 1047 1602 1097 quibus
1634 1047 1916 1086 illustrarem

213 1119 442 1170 quomodo
488 1119 533 1158 in
582 1133 613 1170 (p
663 1125 790 1159 esset
838 1120 1038 1158 solutum
1086 1125 1300 1169 metrum,
1335 1118 1418 1158 sed
1458 1117 1597 1157 etiam
1643 1130 1732 1169 quo
1766 1118 1917 1168 magis

212 1196 463 1241 appareret
512 1196 734 1241 quantum
784 1204 816 1240 φ
857 1202 883 1229 a
917 1188 955 1227 Φ
1001 1201 1218 1229 sermone
1267 1188 1549 1229 deflexisset.
1597 1200 1703 1228 nam
1753 1204 1783 1239 ‘s
1819 1200 1846 1228 a
1879 1188 1918 1226 Φ

211 1261 485 1312 provenisse
528 1267 739 1312 apparet,
781 1273 863 1300 seu
903 1268 1027 1301 totas
1066 1260 1249 1300 fabulas
1287 1260 1385 1299 sive
1420 1259 1627 1310 singulos
1660 1250 1913 1299 versus*—

212 1337 261 1371 ut
294 1331 504 1382 proxime
539 1331 736 1372 fecimus
770 1356 823 1360 —
858 1347 890 1383 φ
924 1338 970 1371 et
1004 1330 1042 1369 Φ
1076 1330 1439 1382 comparaveris.
1474 1342 1675 1381 namque
1707 1337 1752 1370 et
1776 1332 1914 1382 longe

213 1402 411 1454 plurima
433 1404 687 1443 verborum
710 1403 1034 1455 principalium
1057 1403 1102 1442 in
1125 1417 1157 1454 φ
1182 1408 1465 1442 conservata
1489 1414 1592 1441 esse
1617 1401 1917 1441 inveniuntur

214 1480 260 1513 et
299 1479 498 1513 metrum
536 1474 780 1525 pristinum
815 1474 952 1514 facile
986 1479 1241 1514 revocatur
1275 1480 1320 1513 et
1354 1472 1485 1524 quasi
1519 1479 1684 1524 sponte
1717 1472 1916 1512 recurrit

213 1556 567 1595 saepenumero,
602 1545 735 1585 simul
770 1551 909 1596 atque
944 1545 1093 1585 oratio
1129 1551 1199 1585 est
1222 1551 1423 1596 purgata
1447 1550 1492 1584 et
1518 1545 1717 1594 expleta.
1745 1543 1916 1583 etenim

212 1626 362 1665 genus
407 1630 439 1666 φ
484 1627 597 1655 sane
647 1623 717 1656 est
757 1616 968 1656 oratione
1008 1627 1150 1668 saepe
1190 1616 1450 1665 decurtata,
1492 1627 1634 1666 saepe
1680 1620 1915 1665 corrupta,

213 1698 356 1737 saepe
390 1686 686 1737 interpolata.

331 1828 506 1869 Durius
530 1829 651 1869 enim
676 1829 890 1881 proiecto
915 1828 1239 1868 diasceuastes
1262 1828 1525 1868 fabularum
1549 1843 1579 1879 ‘s
1607 1828 1753 1868 verba
1776 1828 1916 1867 Phae-

213 1899 283 1940 dri
317 1900 596 1940 contraxit
633 1908 773 1963 atque
808 1900 947 1940 etiam
982 1911 1124 1951 saepe
1148 1899 1439 1940 mutilavit.
1465 1911 1556 1950 qua
1579 1911 1628 1939 re
1654 1899 1915 1938 Phaedrum

212 1982 304 2010 non
346 1971 484 2011 modo
524 1971 635 2015 fecit
675 1971 856 2021 exilem,
897 1971 981 2011 sed
1021 1971 1161 2011 etiam
1197 1994 1250 1999 —
1284 1970 1330 2010 id
1370 1970 1491 2021 quod
1531 1977 1602 2010 est
1635 1970 1826 2020 gravius
1858 1993 1915 1997 —

213 2041 486 2082 dissolutum
527 2049 572 2082 et
612 2043 875 2083 obscurum.
911 2053 1000 2093 quo
1035 2048 1258 2093 quantam
1290 2040 1490 2081 Phaedri
1526 2042 1679 2080 verbis
1712 2040 1916 2080 intulerit

213 2111 424 2153 iniuriam
467 2114 580 2154 satis
620 2114 822 2153 elucebit
862 2112 899 2153 si
947 2124 1063 2164 quas
1111 2112 1295 2153 fabulas
1327 2112 1514 2163 generis
1548 2126 1579 2163 (ρ
1615 2123 1718 2151 cum
1753 2112 1916 2151 iisdem

214 2183 382 2223 fabulis
414 2184 602 2235 generis
636 2183 674 2222 Φ
707 2184 1072 2235 comparaveris,
1109 2183 1231 2234 quod
1253 2195 1326 2235 pp.
1352 2195 1682 2222 xxv—xxxvm
1705 2182 1914 2222 fecimus.

216 2265 304 2304 quo
342 2254 518 2294 factum
558 2262 628 2296 est
662 2256 751 2295 hoc
786 2267 902 2306 opus
933 2260 1143 2294 nostrum
1178 2253 1361 2294 fabulas
1394 2268 1426 2305 φ
1459 2253 1739 2293 recensendi
1772 2264 1914 2304 saepe

214 2324 443 2364 lubricum
476 2337 532 2365 ac
567 2325 898 2376 difficillimum,
934 2326 1057 2377 quod
1089 2326 1270 2365 incerta
1304 2331 1410 2365 sunt
1443 2324 1657 2364 nimirum
1691 2325 1915 2375 pleraque

216 2406 377 2434 eorum
412 2395 576 2446 quibus
611 2403 806 2436 conatus
839 2408 939 2436 sum
973 2402 1188 2436 truncam
1223 2395 1483 2436 orationem
1508 2394 1769 2435 fabularum
1794 2409 1823 2445 q*
1848 2406 1915 2434 re-

215 2465 405 2506 sarcire.
444 2466 583 2517 atqui,
624 2467 836 2518 quamvis
874 2479 1017 2518 saepe
1052 2479 1145 2507 non
1184 2467 1326 2506 liceat
1359 2478 1464 2506 meo
1494 2467 1818 2517 supplemento
1842 2465 1916 2505 de-

214 2536 395 2587 perdita
441 2538 586 2577 verba
632 2537 733 2589 ipsa
780 2538 1043 2588 restituere,
1092 2544 1250 2577 tamen
1299 2548 1518 2588 magnam
1563 2548 1662 2576 rem
1697 2548 1770 2575 me
1811 2547 1914 2575 esse

216 2614 521 2648 consecutum
572 2607 848 2648 existimabo
897 2608 935 2648 si
974 2608 1169 2648 videbor
1202 2608 1490 2659 probabilem
1524 2606 1782 2647 restituisse
1816 2618 1915 2646 sen-

215 2678 422 2719 tentiam.

334 2749 405 2789 Ac
434 2761 593 2790 rursus
623 2750 744 2790 idem
775 2749 1097 2789 diasceuastes
1120 2763 1151 2800 φ
1175 2749 1369 2789 subinde
1395 2748 1703 2788 orationem
1727 2747 1914 2797 inepte

216 2819 472 2860 dilatavit
522 2822 692 2861 verba
740 2821 919 2860 otiosa
966 2819 1432 2870 inserendo.quod
1481 2818 1557 2858 ubi
1590 2818 1765 2858 factum
1800 2826 1913 2868 erat,

214 2890 277 2930 ibi
318 2897 527 2931 nostrum
560 2898 660 2931 erat
693 2903 776 2943 pro
810 2891 886 2931 illa
920 2890 1207 2931 verbositate
1241 2900 1453 2941 pressam
1486 2887 1685 2929 Phaedri
1718 2888 1916 2927 brevita-
