2152 3229
177 2284 216 2313 11)

242 119 296 158 46
802 131 949 162 Phaedri
977 132 1086 163 soluti
1114 132 1248 162 fabu1ae
1275 131 1381 163 XXX

242 241 285 269 ut
305 233 415 269 enim
436 243 614 279 serpens
632 233 756 268 huius
776 232 945 268 fabulae
964 233 1117 279 genius
1132 238 1195 269 est
1210 233 1290 269 loci
1309 232 1560 279 domusque,
1576 233 1634 269 ita
1651 233 1841 270 Fortuna
1856 244 1940 269 ser—

241 286 378 333 pentis
400 292 462 322 est
484 286 637 322 domus
657 285 847 322 Fortuna
868 286 935 321 vel
957 286 1039 322 loci
1060 285 1212 322 Tutela
1227 296 1323 322 cum
1340 285 1478 322 Genio
1495 286 1577 321 loci
1597 286 1825 323 coniuncta
1839 292 1940 322 tam-

242 350 371 385 quam
387 349 532 375 comes
548 344 588 375 et
603 339 721 375 socia
736 345 776 375 et
792 349 981 385 compar.
995 339 1043 375 cf.
1061 338 1153 375 CIL
1167 338 1205 374 V
1219 339 1314 375 3:304
1331 338 1458 375 Genio
1474 341 1511 374 et
1527 338 1739 375 Fortunae
1756 339 1940 376 Tutelae-

241 403 318 437 (μιν
331 391 457 427 lna'ns
475 391 562 432 locs,
582 391 673 428 CIL
690 391 745 427 VI
765 391 835 427 ‘216
854 391 942 427 Deo
966 391 1131 428 Tutelae
1151 391 1278 428 Genio
1298 391 1396 432 loci:
1415 392 1614 439 apudque
1630 391 1879 429 Petronium
1892 393 1938 429 57

241 456 350 481 unus
370 445 422 481 de
442 445 635 481 convivis
653 445 985 481 Trimalchionis
1008 445 1109 481 »Itan
1132 445 1266 492 inquit
1288 445 1499 481 »Tutelam
1518 445 1644 481 lnn'ns
1663 445 1742 482 loci
1757 446 1941 482 habeam

240 499 470 545 propitiam
497 504 541 535 ut
650 519 694 523 -α
720 500 754 534 9.
782 501 820 534 et
839 529 844 534 .
862 529 868 534 .
888 501 1116 541 egestatem
1134 498 1228 544 pati
1244 498 1338 534 add.
1358 509 1408 534 w.
1430 509 1511 534 om.
1533 509 1592 534 ar.
1613 519 1656 524 —
1676 500 1723 533 10
1743 510 1803 545 sq.
1823 499 1941 543 igno-

241 551 382 587 rantia
410 551 601 597 peccanti
624 552 775 598 scripsi
792 563 798 587 :
815 551 1037 595 demoranti
1060 563 1098 587 w
1115 551 1326 598 :peccanti
1350 562 1407 587 ar.
1436 572 1478 576 ——
1505 553 1562 587 12.
1591 551 1813 595 ignoscam
1842 552 1942 589 add.

240 615 304 640 wr
325 616 330 640 :
354 615 436 640 om.
465 616 499 641 a.
527 627 571 629 —
598 606 656 640 13.
682 604 757 640 sed
782 605 875 641 add.
903 604 1055 641 wsFM
1080 616 1086 641 z
1109 604 1167 641 sic
1194 604 1306 640 BVE
1326 616 1331 640 :
1350 615 1433 641 om.
1463 615 1497 642 a.
1526 627 1569 630 —
1595 605 1754 641 ¹valnas
1774 605 1868 642 add.
1889 605 1942 642 S:

241 668 323 694 om.
353 658 494 694 ceteri.
523 679 564 682 —
593 659 651 693 14.
678 658 873 704 supplevi
901 669 949 694 ex
979 669 1029 703 w,
1051 659 1123 694 ubi
1143 659 1203 694 sic
1224 664 1287 694 est
1304 669 1310 694 z
1328 658 1430 693 dnm
1450 669 1475 694 a
1495 669 1561 694 me
1578 657 1794 694 transterit
1811 658 1939 694 dolor.

242 731 284 736 ——
311 713 370 747 15.
398 722 478 747 esse
513 711 607 748 add.
636 711 788 747 F:om.
817 712 958 747 ceteri.
988 733 1029 736 —
1057 711 1271 753 integram
1298 714 1575 756 wrzgt'atam
1604 721 1637 747 a.
1669 732 1707 736 —
1736 713 1782 746 16
1806 722 1866 758 sq.
1886 711 1945 747 ita

242 764 397 809 addidi,
424 766 769 811 supplementum
796 766 1032 801 sententiae
1059 765 1365 801 necessarium.
1395 764 1453 800 ita
1481 794 1510 801 ..
1538 764 1578 800 si
1601 765 1622 800 i.
1652 775 1685 801 e.
1707 765 1800 801 'non
1822 765 1945 801 aliter

242 828 370 864 quam
398 819 443 853 si=
471 819 539 854 vel
566 819 664 854 'tum
685 818 881 854 demum'.
902 824 945 854 ut
967 822 998 854 Φ
1015 820 1124 864 prol.
1146 818 1181 854 Il
1204 819 1241 854 11
1264 829 1324 864 sq.
1346 818 1489 854 Bonas
1508 818 1549 853 in
1570 818 1704 864 partis
1724 819 1859 855 lector
1879 829 1943 854 ac-

242 871 375 917 cipias
404 872 532 907 velim
560 871 625 907 Ita
650 871 690 906 si
713 871 918 917 rependet
944 872 1001 907 illi
1029 872 1217 907 brevitas
1245 872 1429 916 gratiam
1457 871 1534 911 (Ita
1561 872 1599 906 st?
1626 871 1775 907 ΒΑΜ-ω
1792 871 1858 907 lta
1886 871 1945 908 sic

241 924 298 965 P·,
326 930 366 960 et
393 924 546 961 Cicero
574 925 651 960 Ac.
680 924 715 960 Π
746 925 788 960 19
814 924 871 960 sta
899 931 962 960 est
989 925 1175 960 maxima
1202 925 1244 961 in
1271 924 1468 961 sensibus
1493 924 1653 960 veritas
1671 924 1711 959 si
1726 925 1818 961 sani
1837 932 1944 969 sunt,

243 977 322 1013 Off.
352 978 366 1013 I
392 977 449 1018 ⁴28,
478 978 584 1014 Cato
613 978 655 1013 M
680 978 737 1022 38,
766 983 919 1013 cetera.
948 999 989 1002 —
1017 979 1063 1012 16
1091 977 1338 1023 [antiquam]
1360 994 1404 1007 =
1422 977 1659 1024 pristinam,
1679 985 1723 1014 ut
1740 978 1946 1015 Horatius

242 1030 370 1077 Epist.
409 1031 419 1067 l
457 1031 485 1067 1.
512 1032 535 1067 3
566 1032 721 1067 iterum
755 1030 925 1076 antiqno
961 1041 1029 1066 me
1065 1030 1286 1067 includere
1314 1031 1425 1067 ludo.
1453 1052 1496 1055 —
1523 1032 1580 1066 19.
1608 1034 1821 1067 nocentem
1849 1042 1945 1068 con-

241 1084 319 1120 ieci
336 1095 342 1120 1
359 1084 592 1121 nocendam
621 1096 656 1121 a.

360 1137 498 1174 Etiam
527 1139 567 1174 in
595 1138 674 1174 hac
703 1138 857 1181 fabula,
885 1138 1085 1184 quamvis
1105 1138 1196 1174 eius
1216 1138 1351 1173 verba
1372 1137 1542 1174 turbata
1562 1144 1602 1173 et
1621 1138 1831 1174 iniuscata
1850 1138 1944 1183 sint,

241 1197 385 1227 tamen
418 1191 714 1228 Phacdrianae
746 1191 1162 1227 versificationis
1196 1191 1381 1237 vestigia
1409 1192 1551 1238 aliqua
1577 1192 1798 1237 tralucent,
1826 1202 1944 1227 sena-

241 1244 378 1290 riique
406 1244 531 1280 facile
558 1251 830 1281 revocantur.

361 1298 503 1345 Atque
538 1299 856 1334 elocutionis
883 1299 1001 1343 haec,
1029 1305 1073 1334 ut
1099 1298 1369 1343 notabiliora,
1400 1309 1497 1334 cum
1528 1302 1559 1334 Φ
1585 1297 1868 1334 conferemus.
1917 1297 1946 1336 1.

494 1530 526 1569 φ
559 1511 715 1556 XXII.
780 1511 919 1556 wI-l.
985 1510 1290 1556 LEPORES
1324 1510 1410 1555 ET
1450 1509 1697 1555 RANAE.

244 1634 329 1684 Qui
363 1634 594 1674 sustinere
628 1645 721 1673 non
754 1640 909 1685 potest
942 1634 1114 1673 malum

245 1705 376 1757 [alios
408 1705 623 1756 inspiciat
657 1712 702 1745 et
736 1705 940 1744 tolerare
975 1704 1156 1756 discat]

242 1776 369 1831 Dum
401 1776 645 1828 strepitum
678 1787 899 1826 magnum
934 1775 1063 1815 venit
1096 1775 1154 1815 ad
1186 1776 1374 1826 lepores

243 1849 401 1889 dicunt
434 1860 483 1888 se
518 1854 709 1899 propter
743 1846 963 1886 adsiduos
996 1853 1149 1886 metus

242 1921 334 1960 iam
366 1920 511 1959 vitam
544 1920 666 1958 velle
700 1917 832 1957 finire
856 1924 1088 1957 venerunt
1112 1918 1170 1969 agl
1194 1917 1427 1968 quendam
1450 1919 1603 1957 locum
1628 1928 1717 1967 quo
1741 1927 1790 1955 se
1814 1927 1944 1966 prae-

363 1990 528 2042 cipites
563 1990 728 2029 darent

243 2064 454 2113 leporum
486 2073 601 2100 vero
635 2061 818 2111 magnis
851 2061 1057 2100 adventu
1090 2060 1282 2100 territae
1315 2071 1459 2100 ranae
1494 2058 1730 2110 fugientes

242 2134 333 2173 heu
367 2132 525 2184 inquid
558 2143 676 2171 unus
708 2133 920 2183 leporum

243 2210 349 2244 sunt
383 2204 444 2257 [et
478 2203 567 2256 alii]
604 2215 720 2254 quos
752 2204 981 2242 malorum
1014 2202 1166 2254 tetigit
1199 2202 1349 2242 timor.

243 2287 496 2327 sequamur
530 2283 577 2315 ut
612 2274 759 2314 ceteri
792 2274 903 2314 vita.

246 2347 300 2399 l..
335 2347 544 2386 feramus
576 2345 611 2385 si
648 2345 756 2396 quid
790 2344 1014 2384 acciderit
1048 2344 1172 2397 mali]

246 2417 424 2470 [Neque
461 2417 583 2456 enim
750 2415 874 2455 omni
906 2422 1118 2466 tempore
1152 2417 1326 2455 malum
1362 2414 1477 2467 erit].

363 2561 591 2597 Adnotatio.
642 2560 835 2596 Mutilam
869 2560 1108 2596 orationem
1140 2560 1332 2596 resarcio
1367 2559 1676 2606 supplementis
1709 2558 1866 2605 partim
1893 2568 1944 2593 ex

243 2626 274 2659 r,
302 2615 343 2651 id
377 2621 439 2651 est
470 2614 663 2659 wOEFV,
690 2614 882 2660 sumpti&
910 2624 1020 2660 quae
1053 2614 1203 2650 litteris
1236 2614 1384 2654 rectis:
1412 2613 1568 2660 partim
1603 2612 1720 2657 meis,
1749 2622 1858 2658 quae
1885 2610 1943 2646 in-

244 2668 408 2705 clinatis
434 2668 584 2704 litteris
611 2668 771 2715 scripta
798 2673 905 2703 sunt.
957 2668 990 2703 1.
1018 2666 1239 2713 propriam
1268 2666 1362 2703 add.
1390 2665 1439 2709 V,
1460 2676 1541 2702 om.
1561 2676 1611 2701 w.
1633 2686 1675 2690 —
1695 2666 1729 2700 2.
1751 2664 1845 2700 add.
1864 2674 1904 2699 w
1918 2665 1943 2703 ²,

246 2733 327 2758 om.
361 2733 400 2757 w
418 2724 439 2758 ¹.
477 2743 515 2746 —
552 2723 585 2757 3.
624 2721 751 2763 Dzan,
777 2731 949 2757 erasum
985 2721 1027 2757 in
1054 2723 1131 2765 ivl,
1159 2720 1332 2756 retinuit
1358 2719 1525 2756 F1canz
1551 2730 1591 2755 W
1605 2717 1708 2754 'JBV
1736 2738 1779 2743 —
1806 2716 1941 2753 subito

245 2775 319 2811 Fv
335 2787 340 2811 :
357 2775 520 2811 subitus
547 2775 580 2811 B
596 2786 602 2811 :
620 2786 702 2811 om.
727 2786 777 2811 w.
798 2796 839 2799 —
859 2773 1058 2820 strepitus
1077 2784 1268 2818 magnus
1285 2784 1325 2809 w
1340 2776 1352 2794 ‘³
1369 2785 1374 2790 ·
1390 2772 1611 2819 strepitum
1630 2781 1843 2815 magnum
1862 2781 1902 2806 w
1920 2772 1942 2807 ¹.

246 2849 288 2853 —-
328 2830 362 2864 5.
391 2828 530 2864 lacum
556 2831 623 2864 w²
645 2839 650 2864 :
674 2828 810 2864 locmn
837 2830 915 2864 W1.
956 2848 998 2851 —
1038 2829 1083 2862 at
1109 2826 1203 2862 add.
1232 2837 1279 2862 r:
1303 2836 1385 2862 om.
1414 2837 1464 2862 w.
1494 2847 1535 2850 —
1568 2827 1603 2862 7.
1631 2824 1872 2861 orationem
1900 2824 1943 2859 in

246 2893 280 2916 w
314 2888 562 2928 corruptam
595 2880 821 2917 emendavi
854 2886 899 2916 ut
930 2880 1059 2927 potui.
1093 2880 1135 2916 in
1169 2879 1403 2926 archetypo
1430 2879 1526 2915 libri
1552 2889 1587 2914 w
1613 2877 1783 2913 videtur
1809 2876 1940 2913 {uisse
