2152 3229
288 120 460 147 LXXXVI
999 119 1273 159 Prolegomena

286 224 577 275 cognoverit.
625 224 796 263 etenim
840 234 959 274 quae
1009 234 1036 262 a
1084 223 1296 263 Phaedro
1346 223 1606 264 Phaedrive
1642 232 1798 265 aetate
1832 237 1986 266 sermo

284 295 404 335 sexti
428 295 601 334 saeculi
629 294 865 345 discrepet
890 301 934 333 et
956 305 1040 344 pro
1060 293 1147 333 illis
1167 305 1287 345 quae
1311 279 1551 334 Phaedrus
1571 301 1616 334 et
1635 302 1768 335 aetas
1790 295 1988 345 Phaedri

285 365 454 405 dixerit
478 365 591 405 satis
616 365 854 415 cognitum
879 372 963 414 est,
984 364 1029 404 in
1053 364 1208 404 media
1231 364 1353 404 enim
1372 365 1598 405 scientiae
1618 367 1720 405 luce
1741 372 1786 406 et
1804 367 1922 407 haec
1943 374 1988 407 et

285 436 361 475 illa
395 443 656 476 versantur.
685 436 990 486 quamobrem
1019 435 1055 475 si
1076 435 1184 486 quid
1209 451 1240 486 cp
1265 448 1291 475 a
1315 434 1354 473 Φ
1375 436 1578 484 deflexit,
1599 436 1722 487 quod
1740 445 1988 489 receperat

286 506 459 558 aliquid
508 507 676 546 aetatis
724 518 851 555 suae,
900 518 985 546 nos
1040 506 1325 546 contrarium
1375 518 1561 546 cursum
1609 514 1840 558 tenentes,
1879 509 1987 548 dum

284 578 546 617 Phaedrum
589 577 836 617 restituere
873 589 1098 617 conamur
1121 574 1146 627 ¹,
1180 577 1249 617 rei
1282 585 1497 617 naturam
1532 578 1700 618 ducem
1736 578 1986 630 sequimur,

285 649 406 700 quod
452 649 496 688 id
540 648 809 699 reponimus
857 648 979 699 quod
1024 648 1224 688 Phaedri
1273 656 1479 688 aetatem
1527 649 1571 688 in
1616 649 1697 689 tali
1730 661 1779 689 re
1815 650 1986 690 dixisse

284 719 470 773 scimus,
506 725 551 759 et
585 720 695 759 data
731 719 917 770 optione
955 719 1169 769 eligimus
1204 720 1247 759 id
1283 720 1463 760 scilicet
1489 720 1608 770 quod
1635 721 1989 762 commendetur

283 791 483 830 Phaedri
518 791 660 841 ipsius
694 791 988 830 auctoritate.
1024 791 1146 841 quod
1180 791 1218 830 si
1250 791 1514 831 dubitamus
1549 792 1655 842 quid
1690 804 1748 832 ex
1781 792 1988 843 pluribus

284 861 576 912 potissimum
610 861 884 911 deligamus,
919 861 1090 900 utimur
1123 862 1260 901 metri
1294 873 1470 911 norma,
1506 862 1725 912 adquam
1751 863 1987 903 delectum

283 932 550 982 dirigamus.
578 940 622 972 et
657 932 875 983 quoniam
906 944 979 983 pp.
1004 926 1300 972 Lv—‘Lxxxix'
1325 940 1630 983 conspectum
1650 934 1879 974 sermonis
1896 934 1987 974 dia-

283 1011 531 1043 sceuastae
582 1004 775 1042 brevem
824 1003 1048 1053 dedimus,
1098 1011 1143 1043 et
1188 1003 1287 1055 ipsa
1338 1003 1476 1043 editio
1526 1004 1690 1043 harum
1725 1004 1986 1045 fabularum

282 1075 481 1114 illustrat
530 1074 942 1114 innumerabilibus
988 1074 1215 1125 exemplis
1265 1075 1496 1126 quomodo
1529 1087 1613 1125 pro
1648 1087 1864 1117 sermone
1899 1075 1989 1116 dia-

282 1153 531 1185 sceuastae
565 1157 830 1184 sermonem
866 1145 1105 1195 antiquum
1138 1145 1385 1185 restituere
1417 1147 1665 1192 soleamus,
1689 1146 1778 1185 hoc
1803 1158 1986 1198 quoque

282 1217 385 1255 loco
420 1216 477 1255 de
512 1229 566 1255 ea
602 1227 650 1256 re
686 1216 955 1266 singillatim
990 1228 1132 1266 agere
1167 1228 1258 1255 non
1294 1228 1409 1267 opus
1444 1217 1542 1256 erit.

402 1287 664 1327 Senarios
719 1287 956 1326 Phaedri
1005 1286 1305 1326 restituere
1356 1295 1517 1342 nostra
1563 1287 1757 1327 interest
1804 1288 1987 1339 plurimi

282 1359 339 1397 ad
390 1358 473 1397 has
520 1358 733 1397 Phaedro
783 1357 966 1398 fabulas
1017 1357 1331 1398 vindicandas
1368 1358 1628 1398 certissima
1663 1359 1785 1398 enim
1817 1358 1987 1399 indicia

282 1436 327 1468 et
361 1429 494 1479 signa
527 1429 850 1469 Phaedrianae
886 1429 1077 1480 originis
1111 1429 1374 1469 elocutione
1411 1436 1455 1469 et
1489 1436 1640 1469 metro
1675 1430 1984 1470 continentur.

280 1500 407 1550 atqui
457 1501 603 1540 verba
651 1501 749 1551 ipsa
796 1513 880 1552 per
927 1513 1033 1540 sese
1067 1513 1156 1540 non
1193 1501 1351 1540 valent
1386 1501 1613 1551 originem
1645 1500 1986 1553 Phaedrianam

280 1572 557 1621 approbare.
593 1571 662 1611 sin
698 1572 828 1611 cuius
862 1571 1047 1611 fabulae
1087 1572 1234 1611 verba
1267 1572 1383 1611 libro
1417 1572 1607 1612 librisve
1641 1572 1813 1612 tradita
1846 1571 1983 1612 facile

280 1642 545 1682 vincientur
593 1642 791 1682 senariis
835 1642 1151 1693 Phaedrianis,
1188 1654 1405 1682 manasse
1440 1643 1496 1682 de
1531 1643 1745 1682 Phaedro
1779 1642 1985 1682 fabulam

279 1713 540 1763 prosariam
589 1713 813 1753 eiusmodi
866 1713 1206 1764 intellegemus.
1257 1721 1441 1764 oportet
1494 1714 1633 1764 igitur
1687 1725 1791 1753 cum
1834 1721 1983 1753 metro

282 1785 427 1823 verba
477 1785 759 1835 conspirent,
805 1791 853 1825 ut
893 1785 951 1825 sit
985 1785 1119 1824 huius
1152 1785 1219 1824 rei
1253 1785 1368 1824 tides
1403 1792 1545 1824 certa.
1581 1796 1668 1824 nec.
1702 1796 1816 1824 vero
1851 1784 1984 1835 origi-

280 1866 386 1894 nem
422 1855 763 1895 Phaedrianam
797 1856 968 1895 senarii
1002 1856 1207 1907 quilibet,
1243 1856 1326 1895 sed
1359 1856 1638 1895 Phaedriani
1671 1855 1843 1896 senarii
1875 1855 1984 1896 indi-

279 1933 388 1965 cant
428 1926 620 1966 scilicet.
685 1927 884 1966 Phaedri
923 1926 1107 1973 senarii,
1150 1938 1345 1978 quorum
1386 1928 1518 1977 leges
1550 1927 1721 1966 HAxET
1756 1926 1982 1977 exposuit,

278 2005 384 2035 sunt
435 1997 783 2047 elegantissimi.
834 1998 910 2048 qui
958 1998 1044 2037 hoc.
1078 2009 1169 2037 uno
1204 2010 1230 2037 a
1262 1998 1486 2038 trimetris
1518 1997 1730 2037 iambicis
1763 1997 1983 2037 differunt

280 2068 401 2118 quod
447 2069 706 2118 spondeum
756 2068 896 2108 etiam
931 2069 974 2108 in
1008 2069 1264 2109 secundam
1299 2076 1343 2108 et
1379 2075 1594 2120 quartam
1627 2069 1789 2108 sedem
1823 2068 1982 2108 admit-

270 2134 393 2187 tunt,
441 2151 529 2178 nec
584 2140 795 2189 quemvis
848 2140 1104 2190 spondeum
1161 2141 1243 2180 sed
1298 2152 1403 2179 eum
1458 2139 1533 2191 qui
1588 2147 1749 2179 careat
1813 2139 1981 2179 discre-

277 2209 437 2260 pantia
484 2210 603 2249 ictus
653 2218 697 2250 et
746 2211 1148 2251 accentus.talso
1197 2211 1566 2261 igitu1·.THffiLE
1615 2210 1716 2251 Lat.
1760 2201 1890 2261 Ᾰ5ορ
1939 2222 1980 2262 p.

277 2293 379 2320 ccxi
407 2314 413 2320 .
445 2280 494 2320 12
528 2289 749 2331 tanquam
784 2281 983 2321 Phaedri
1018 2282 1222 2321 edolavit
1255 2282 1382 2321 illum
1418 2293 1605 2321 versum
1634 2282 1884 2339 {Hortatur
1906 2268 1980 2321 ille

278 2352 356 2391 vix
375 2352 574 2402 possein!
598 2353 898 2403 perterritus»
928 2359 973 2392 et
997 2365 1037 2404 p.
1064 2364 1215 2392 ccxx'n
1242 2365 1348 2391 inn
1375 2354 1400 2391 5
1425 2352 1559 2392 »Illae
1579 2358 1825 2404 sperantes
1843 2353 1981 2392 deter-

279 2422 389 2461 mim
423 2422 587 2462 foedus
621 2423 744 2462 forez>
785 2431 829 2462 et
863 2422 967 2462 ibid.
1002 2435 1158 2462 Lxxxii
1181 2423 1206 2462 2
1229 2423 1469 2474 respondit
1492 2422 1566 2462 ille
1591 2423 1628 2463 si
1646 2423 1838 2475 posse'm
1864 2456 1870 2463 .
1893 2456 1901 2463 .
1922 2455 1929 2462 .
1956 2436 1980 2463 e

278 2493 444 2544 quibus
492 2493 639 2533 tribus
686 2494 902 2534 versibus
950 2494 1148 2545 primum
1197 2493 1428 2533 ferremus
1460 2494 1506 2533 in
1538 2494 1703 2533 Plauto
1739 2501 1783 2534 et
1816 2493 1980 2543 Ennio,

279 2563 518 2603 Phaedrus
567 2572 722 2604 autem
757 2566 932 2604 nullum
966 2566 1108 2604 talem
1144 2564 1345 2609 admisit:
1382 2566 1545 2616 quales
1580 2576 1693 2604 vero
1728 2565 1843 2604 duos
1877 2565 2002 2611 11105,

280 2646 395 2685 quos
443 2635 653 2685 proxime
704 2635 869 2687 scripsi
918 2648 976 2675 ne
1025 2636 1148 2687 apud
1195 2636 1410 2675 Plautum
1450 2643 1528 2675 aut
1561 2635 1759 2674 Ennium
1793 2634 1979 2686 quidem

397 2740 406 2757 ¹
436 2743 582 2774 Incerta
622 2750 678 2775 est
717 2745 864 2784 quidem
906 2754 1019 2785 saepe
1064 2746 1157 2775 haec
1186 2744 1348 2775 Phaedri
1375 2744 1409 2774 in
1437 2752 1465 2784 ῳ
1493 2743 1642 2774 latentis
1670 2743 1872 2777 restitutio;
1900 2744 1976 2781 sed,

280 2806 315 2831 ut
357 2801 406 2831 ait
447 2802 637 2838 Horatius,
681 2811 756 2834 »est
790 2804 949 2843 quadam
978 2804 1126 2844 prodire
1153 2809 1260 2834 tenus
1288 2804 1317 2834 si
1345 2812 1416 2833 non
1444 2803 1553 2833 datur
1580 2803 1709 2833 ultra».
1738 2812 1806 2834 nec
1834 2808 1977 2833 tantum

278 2861 364 2891 mihi
393 2861 537 2900 adrogo
566 2869 602 2893 ut
630 2873 687 2893 me
716 2870 841 2903 putem
870 2863 1080 2894 restituisse
1110 2862 1252 2893 omnia.
