2152 3229
130 746 169 776 15

803 207 891 247 Cap.
920 207 966 239 II.
1017 207 1072 237 De
1100 217 1237 247 genere
1264 216 1292 248 (ρ
1790 208 1898 235 XXXI

201 312 329 348 Pater
360 318 457 350 tuus
493 344 498 349 .
523 344 528 350 .
564 315 784 351 maledixit
817 315 920 352 mihi
941 322 946 328 ·
1083 322 1206 362 pater
1228 316 1372 353 hercle
1396 323 1493 353 tuus
1517 317 1653 365 inquit
1676 318 1899 355 maledixit
1953 351 1963 359 .

1202 387 1305 423 mihi
1329 393 1335 399 ‘

199 454 250 504 Et
308 456 365 491 ita
425 462 670 503 correptum
733 458 895 493 lacerat
949 458 1007 493 in·
1083 458 1283 504 atqueita
1302 460 1899 505 correptumlaceratiniusta

311 527 428 563 viuste
465 558 470 563 .
495 537 522 569 .;
1201 536 1334 564 nece·

202 627 447 634 .........
1082 597 1202 634 Haec
1254 606 1431 647 propter
1484 601 1578 637 illos
1628 603 1788 648 scripta
1837 608 1900 639 est

1200 669 1396 706 homines
1430 671 1573 707 fabula

198 740 269 786 qui
317 739 428 786 fictis
477 739 619 775 causis
652 739 903 776 innocentes
936 751 1006 787 op·
1082 740 1153 786 qui
1202 740 1311 776 fictis
1360 742 1503 777 causis
1544 742 1796 779 innocentes
1829 754 1897 790 op-

314 811 506 857 primunt
1202 812 1393 858 primunt
1414 818 1419 825 ·

315 946 500 986 Codicis
549 957 577 988 a
625 947 871 987 decurtata
917 955 986 987 est
1026 948 1188 987 oratio.
1238 948 1436 988 omissus
1471 957 1539 989 est
1576 949 1697 989 enim
1734 962 1896 990 versus

202 1017 264 1067 14,
298 1017 499 1057 omissae
533 1024 692 1069 partes
725 1030 946 1058 versuum
987 1019 1109 1069 1—3‚
1135 1019 1262 1070 5—7‚
1292 1019 1475 1069 10-13,
1501 1020 1670 1060 omissa
1696 1021 1895 1072 denique

196 1088 351 1128 omnia
398 1100 704 1140 quaecunque
754 1089 812 1129 ad
858 1101 958 1129 rem
1007 1090 1289 1129 narrandam
1338 1091 1609 1130 necessaria
1655 1103 1759 1131 esse
1805 1104 1897 1131 non

194 1159 486 1209 videbantur,
520 1159 706 1200 tametsi
738 1159 803 1199 ita
835 1160 1041 1200 narratio
1076 1160 1205 1200 arida
1240 1160 1462 1212 exilisque
1488 1161 1640 1201 fiebat.
1676 1163 1898 1202 nonnulla

197 1241 307 1269 vero
352 1230 569 1270 videntur
600 1230 775 1270 idcirco
810 1243 913 1270 esse
947 1238 1138 1277 mutata,
1173 1243 1263 1282 quo
1298 1231 1478 1271 facilius
1511 1232 1898 1283 intellegerentur

193 1312 358 1340 versus
391 1300 567 1353 antiqui
604 1303 662 1341 ab
695 1301 956 1341 hominibus
988 1315 1080 1342 non
1112 1302 1345 1350 litteratis,
1380 1302 1457 1354 qui
1490 1303 1756 1354 quingentis
1789 1312 1894 1355 post

193 1371 326 1411 annis
374 1378 531 1412 essent
576 1380 714 1424 atque
764 1379 1006 1414 uterentur
1038 1373 1180 1413 latino
1220 1385 1437 1414 sermone
1472 1374 1675 1414 diverso.
1712 1381 1759 1415 ut
1794 1387 1834 1414 v.
1871 1376 1896 1415 S

194 1443 255 1481 ad
285 1454 412 1485 meos
444 1443 644 1483 haustus
676 1443 737 1484 P:
758 1445 819 1483 ad
849 1456 1000 1484 meum
1034 1456 1087 1484 os
1121 1456 1159 1484 a.
1196 1444 1329 1496 quid?
1363 1445 1485 1496 quod
1519 1446 1750 1497 quaedam
1784 1453 1896 1486 tam-

195 1525 333 1564 quam
364 1525 457 1553 non
488 1513 729 1554 intellecta
762 1521 941 1555 mutata
973 1522 1091 1567 sunt,
1126 1522 1175 1555 ut
1208 1516 1233 1554 4
1266 1515 1487 1555 incitatus
1519 1516 1675 1567 iurgii
1702 1528 1895 1556 causam

192 1583 350 1623 intulit
392 1584 452 1624 P:
475 1584 693 1625 limitatus
741 1585 895 1637 iurgio
945 1586 1067 1626 dzltv't
1112 1598 1151 1626 a.
1202 1586 1281 1626 ubi
1327 1587 1450 1638 quod
1483 1587 1702 1626 incitatus
1735 1587 1893 1638 iurgio

193 1655 417 1706 scriptum
457 1662 527 1695 est
558 1667 642 1707 pro
675 1656 895 1695 incitatus
928 1657 1086 1707 iurgii„
1122 1664 1334 1709 apparet,
1370 1665 1418 1697 ut
1452 1658 1652 1709 saepius,
1687 1658 1896 1697 mutandi

194 1726 424 1776 quaedam
470 1727 744 1778 moderatio,
795 1739 927 1778 quae,
979 1728 1101 1779 quod
1149 1727 1248 1768 eius
1297 1727 1397 1768 fieri
1445 1734 1617 1778 posset,
1652 1729 1895 1768 retinuerit

191 1795 372 1836 litteras
419 1796 625 1837 traditas.
664 1821 715 1825 —
749 1798 775 1838 3
801 1799 945 1848 fauce
977 1798 1192 1850 smproba
1229 1800 1401 1849 ajace
1433 1799 1646 1850 improba
1681 1799 1728 1849 P,
1762 1799 1893 1839 falso.

193 1891 243 1894 —
280 1868 306 1906 5
340 1868 506 1917 fecisti
532 1869 648 1908 mihi
675 1880 715 1919 a,
750 1880 913 1908 verum
950 1881 1113 1909 versus
1146 1869 1321 1909 exitum
1358 1882 1554 1910 servans
1574 1882 1581 1910 :
1602 1870 1720 1909 mz'ln'
1734 1870 1899 1921 fecisti

191 1938 238 1987 P,
285 1939 471 1978 turbato
515 1940 768 1979 verborum
816 1939 976 1979 ordine
1027 1951 1081 1980 ac
1131 1941 1282 1980 soluto
1332 1947 1495 1981 metro.
1541 1965 1591 1968 —
1628 1942 1649 1981 7
1686 1941 1895 1992 quereris

191 2008 355 2049 Pithou
374 2021 381 2048 :
402 2009 557 2061 queris
590 2010 623 2049 P
643 2022 650 2069 ς
671 2022 760 2050 om.
796 2022 836 2050 a.
878 2034 927 2039 —

664 2243 918 2289 PASSER
951 2243 1046 2288 AD
1079 2244 1413 2290 LEPOREM.

486 2355 511 2380 a
543 2345 595 2380 57
629 2345 708 2396 (jS
1379 2341 1417 2380 Φ
1448 2348 1463 2383 1
1498 2348 1521 2383 9
1555 2348 1588 2384 P

192 2425 330 2462 stultis
363 2426 434 2472 qui
458 2426 540 2462 sibi
562 2437 648 2467 non
671 2432 824 2464 cavent
847 2434 888 2464 et
910 2429 1005 2465 aliis
1073 2428 1166 2465 Sibi
1214 2440 1298 2467 non
1347 2441 1504 2466 cavere
1548 2436 1588 2466 et
1626 2431 1722 2467 aliis
1755 2431 1891 2467 consi-

310 2496 537 2533 consilium
571 2496 691 2540 dant;
1191 2501 1297 2537 lium
1330 2501 1435 2538 dare

195 2596 470 2603 ..........
1073 2572 1248 2607 stultum
1298 2582 1393 2608 esse
1426 2572 1576 2618 paucis
1609 2572 1889 2609 ostendamus

1191 2642 1392 2680 versibus
1412 2648 1419 2655 ·

191 2719 445 2755 oppressam
478 2709 665 2756 aquilam
695 2714 735 2745 et
758 2709 881 2746 fletus
904 2709 1004 2746 dan·
1072 2721 1327 2758 oppressum
1361 2713 1414 2749 ab
1438 2714 1582 2760 aquila
1604 2713 1888 2750 fletussedens

309 2784 393 2815 tem
430 2809 436 2816 .
459 2810 465 2816 .
1190 2792 1349 2828 graves
1373 2789 1379 2795 ·

190 2850 312 2896 lepus
344 2850 605 2897 obiurgabat
626 2861 862 2897 passerem.
918 2850 1001 2888 Ubi
1070 2852 1263 2898 leporem
1311 2853 1570 2900 obiurgabat
1617 2864 1769 2901 passer
1812 2855 1886 2891 ubi

308 2920 542 2967 pernicitas
1189 2923 1447 2969 pernicitas?
