2152 3229
80 2447 121 2478 10

469 131 559 163 Fab.
586 131 652 171 VI,
678 132 761 164 VII.
813 133 896 164 Mus
923 139 959 164 et
985 133 1053 164 leo.
1106 132 1276 164 Membra
1303 138 1338 164 et
1365 138 1498 164 venter
1787 120 1836 159 17

137 247 171 259 ω
198 235 230 268 Φ
256 242 350 279 app.
375 232 409 268 8.
439 232 482 268 12
507 233 574 269 vir
601 234 730 269 animi
756 233 971 280 simplicis,
999 238 1030 270 Φ
1057 233 1114 270 ΙΙΙ
1140 234 1174 270 7.
1199 234 1221 269 7
1246 234 1501 280 simpliciter,
1528 233 1586 270 III
1616 234 1668 271 10.
1695 235 1742 270 54
1769 235 1838 272 ad-

140 295 296 322 moneo
321 284 542 339 sz'mpiz'ces.
576 307 614 312 —
640 286 663 323 2
690 287 837 323 reddat
861 287 993 323 vicem
1019 303 1050 317 ω
1070 290 1101 322 Φ
1120 286 1177 323 ΙΙΙ
1197 298 1248 333 pr
1268 287 1310 323 12
1328 298 1379 334 sq
1397 287 1550 323 reddas
1569 288 1718 324 amicis
1737 294 1838 325 tem-

140 348 247 384 pora
275 367 304 374 ..
333 338 484 375 fortius
516 347 710 386 praestes
743 340 886 376 vicem.
915 361 958 365 —
984 340 1079 376 7—8
1104 351 1238 376 mann
1267 370 1297 376 ..
1322 340 1540 386 prehendit
1567 359 1598 372 ω
1626 345 1657 377 Φ
1684 352 1778 388 app.
1804 341 1838 378 3.

142 390 186 427 15
213 391 383 437 prendit
413 403 558 429 numu.
587 414 630 418 -—
656 393 779 430 celeri
802 404 932 429 manu
958 409 1003 422 -τ
1030 393 1228 429 celeriter
1254 404 1384 429 manu
1409 409 1441 422 Ν
1469 398 1500 430 Φ
1528 393 1586 430 IV
1615 394 1668 430 18.
1695 394 1718 430 6
1744 405 1838 441 pro-

139 444 237 480 fecti
276 451 374 480 sunt
411 446 542 491 legati
568 456 653 482 non
680 445 802 482 celeri
824 445 945 492 pede,
972 456 1066 492 app.
1092 444 1149 482 26.
1179 445 1194 481 1
1232 456 1329 482 cum
1356 452 1609 482 venatorem
1635 446 1757 482 celeri
1780 447 1839 483 fu-

140 502 264 543 geret
289 498 398 544 pede
424 499 561 545 lupus.
592 520 630 524 —
657 499 680 535 8
705 498 910 535 miserum
930 498 1086 535 dicitur
1105 498 1263 534 animal
1283 498 1397 544 quod
1416 499 1458 535 in
1478 499 1628 535 mortis
1647 500 1839 545 periculo

140 556 339 587 versatur
363 566 395 579 Ν
423 555 454 587 Φ
480 551 496 587 Ι
522 552 555 588 6.
581 552 605 588 8
631 552 832 598 cogitque
864 551 1045 587 miseras
1077 552 1236 595 (ranas)
1273 551 1395 587 arida
1420 551 1522 588 sede
1550 552 1697 588 emori.
1726 573 1767 577 —
1798 553 1837 588 11

140 602 296 639 crimen
322 620 367 633 Ξ
394 604 602 651 probrum
627 620 660 633 tv
687 606 718 639 Φ
745 604 780 640 II
804 605 838 641 9.
868 604 910 640 19
941 603 1177 640 Fortunam
1209 603 1398 640 criminis
1430 604 1589 651 pudeat
1620 605 1697 641 sui.
1726 626 1768 630 —
1800 605 1841 641 12

140 655 299 692 ιῖιίηίείῐ
323 673 367 686 z
394 657 567 703 impune
595 657 713 693 abire
739 657 837 693 sivit
862 673 894 686 ev
922 660 953 692 Φ
979 656 1037 693 IV
1068 657 1120 693 18.
1152 656 1194 693 13
1219 662 1335 693 vetat
1360 656 1514 693 dimitti
1537 668 1721 704 magnus
1745 658 1841 695 illos

142 708 340 756 Iuppiter,
367 723 396 756 φ
424 709 481 746 IX
511 711 553 746 14
578 710 700 747 iussit
728 740 757 746 ..
786 715 1005 757 pastorem
1032 709 1194 747 dz'mittz'.
1223 731 1265 735 —
1296 710 1338 745 16
1363 721 1447 746 uon
1474 713 1535 746 est
1558 710 1671 756 qnod
1691 710 1842 747 timeas

140 779 171 792 Ν
199 766 230 798 Φ
256 762 293 798 ΙΙ
323 763 351 798 1.
378 764 400 799 7
425 773 509 799 non
528 766 588 799 est
605 763 719 809 quod
734 763 895 800 timeas.
915 784 958 788 —
980 764 1022 799 17
1041 763 1227 810 beneficii
1242 763 1306 799 tm‘
1320 774 1473 800 versus
1493 764 1629 799 exitus
1649 781 1679 793 ω
1699 767 1730 800 Φ
1749 763 1765 800 Ι
1782 764 1840 800 22.

138 816 164 852 8
189 815 432 861 beneficium
458 816 572 853 milti.
600 838 641 842 —
670 817 713 853 18
737 816 913 853 reddam
931 816 1124 861 gratiam
1144 816 1305 852 meritis
1320 822 1471 862 parem
1490 832 1522 845 ev
1542 821 1573 852 Φ
1592 828 1686 864 app.
1705 817 1738 853 3.
1756 819 1780 854 5
1797 824 1842 854 ut

142 867 313 914 referret
337 869 531 913 gratiam
558 869 708 916 officijs
730 875 892 916 parem.
922 891 963 894 —
990 869 1037 906 20
1055 870 1240 906 lustrare
1258 886 1301 899 Ξ
1320 876 1583 907 scrutantem
1602 870 1744 907 visere
1760 888 1792 901 ω
1812 875 1843 907 Φ

142 921 199 957 ΙΙΙ
228 922 280 958 19.
307 922 330 958 3
356 922 587 970 (Aesopus)
614 923 761 969 ignem
781 933 994 970 quaerens
1014 924 1175 970 aliquot
1194 922 1395 959 lustravit
1413 923 1577 960 domos.
1597 944 1640 948 —
1658 923 1705 959 22
1722 923 1843 960 silvis

140 975 362 1022 pluraliter
401 975 665 1012 domicilium
705 977 840 1012 leonis
873 976 1120 1013 nominatur
1150 976 1253 1012 item
1289 980 1320 1013 Φ
1355 975 1403 1012 ΙΙ.
1442 976 1470 1012 1.
1506 976 1548 1012 10
1582 977 1678 1021 (160)
1708 976 1843 1013 silvas

141 1029 300 1075 petivit.
328 1050 371 1054 —
397 1028 445 1064 23
472 1029 782 1076 (epimythium)
810 1040 864 1065 ne
891 1030 985 1076 quis
1013 1029 1204 1066 minores
1231 1030 1373 1066 laedat
1399 1032 1541 1065 monet
1564 1029 1666 1065 haec
1681 1029 1843 1075 sabula

139 1098 172 1111 Ν
200 1086 231 1118 Φ
258 1081 274 1118 Ι
303 1082 356 1118 19.
381 1081 404 1118 2
432 1082 741 1129 ‹ssepimythium)
769 1082 997 1119 blanditias
1024 1088 1068 1118 ut
1093 1082 1278 1118 vitemus
1304 1092 1453 1118 versus
1470 1081 1644 1118 subiecti
1658 1085 1840 1126 monent,

141 1135 337 1172 similiter
363 1134 423 1171 IV
451 1135 504 1172 16.
530 1136 562 1172 7.

259 1188 483 1225 Postremo
512 1189 564 1225 de
593 1196 894 1235 argumento
923 1194 967 1225 ut
994 1199 1132 1235 pauca
1152 1188 1357 1233 dicamus,
1377 1188 1548 1234 graecis
1567 1188 1692 1225 huius
1715 1198 1840 1234 argu-

144 1242 273 1279 menti
312 1242 466 1279 fabulis
505 1241 631 1278 Babr.
671 1242 737 1278 107
769 1247 810 1278 et
839 1241 910 1278 ‘256
941 1241 1069 1278 Halm
1102 1241 1275 1278 ridens
1313 1242 1379 1278 leo
1408 1252 1574 1277 murem
1602 1241 1841 1288 supplicem

143 1295 357 1332 dimisisse
375 1301 587 1340 narratur,
606 1296 647 1331 in
666 1296 746 1331 hac
763 1301 905 1331 autem
925 1296 990 1331 leo
1007 1296 1117 1332 muri
1132 1301 1363 1342 propterea
1379 1295 1570 1342 pepercit
1585 1295 1699 1342 quod
1714 1295 1843 1331 talem

143 1349 377 1386 vindictam
415 1359 462 1386 se
500 1349 723 1395 indignam
763 1359 857 1385 esse
897 1349 1111 1385 censebat.
1146 1349 1213 1384 cui
1251 1349 1312 1384 rei
1340 1348 1444 1384 illud
1470 1348 1609 1385 simile
1638 1354 1701 1384 est
1728 1348 1844 1394 quod

143 1402 364 1439 Phaedrus
404 1401 420 1438 Ι
459 1402 514 1438 29.
556 1402 597 1437 10
637 1412 788 1449 aprum
824 1403 944 1438 asino
978 1402 1059 1438 hoc
1087 1402 1301 1438 dicentem
1329 1401 1449 1438 iacit:
1472 1401 1627 1437 ·»1‘acilis
1654 1401 1843 1438 vindicta

143 1462 207 1493 est
235 1455 349 1501 mihi,
376 1455 452 1492 sed
479 1456 579 1492 nolo
607 1455 820 1501 inquinari
848 1455 1009 1501 ignavo
1037 1455 1285 1501 sangumem

255 1679 365 1725 VII.
429 1679 711 1724 MEMBRA
749 1678 835 1724 ET
869 1678 1162 1724 VENTER.
1228 1682 1427 1721 Metram
1460 1682 1739 1722 restitutum.

149 1800 205 1844 Se
238 1800 410 1853 decipit
444 1801 701 1853 quicunque
733 1800 941 1840 desernit
974 1812 1096 1840 suos.

149 1872 297 1927 [Nam]
331 1885 381 1912 se
413 1872 536 1918 tueri
563 1871 660 1912 sine
695 1871 790 1912 suis
822 1883 959 1911 nemo
992 1872 1132 1911 valet.

147 1945 434 1984 Documento
466 1947 579 1983 sunt
609 1943 799 1982 humani
831 1949 991 1994 partes
1025 1941 1248 1994 corporis.

147 2015 298 2055 Pedes
329 2025 584 2066 manusque
616 2021 830 2054 ventrem
863 2013 1128 2064 indignatas
1149 2014 1318 2064 ferunt

148 2085 328 2126 Cotidie
361 2085 539 2137 repleri
567 2085 711 2136 segni
738 2085 784 2124 in
818 2085 926 2134 otio,
977 2130 985 2139 ·

148 2156 276 2196 Dare
309 2155 517 2196 noluisse
551 2156 618 2207 [ut
648 2154 800 2208 antea]
836 2155 989 2194 ventri
1023 2155 1189 2195 c'ibum.

148 2226 370 2267 Esuriens
401 2232 570 2266 venter
603 2227 776 2266 clamat
808 2233 857 2267 ut
891 2227 1026 2266 detur
1060 2226 1202 2266 cibus.

148 2297 296 2338 Nemo
329 2296 574 2347 ministrat,
609 2299 828 2337 membrzs
862 2297 1251 2349 conspirantibus.

147 2368 304 2409 Ieiuno
338 2374 502 2408 ventre
541 2367 619 2420 [ut]
656 2367 913 2419 coeperunt
946 2369 1224 2418 lassescere,
1256 2372 1259 2376 '

148 2439 349 2479 Adferre
383 2439 595 2478 membra
628 2436 874 2478 voluerunt
906 2438 1070 2478 iterum
1108 2438 1280 2488 cibum;

148 2510 329 2550 Venter
360 2515 563 2559 recusat,
598 2508 705 2560 quia
737 2508 829 2549 iam
862 2521 1010 2549 venas
1043 2511 1292 2549 clauserat.

148 2580 224 2621 Sic
256 2583 383 2621 lassa
414 2581 627 2620 membra
661 2586 706 2619 et
739 2586 906 2619 venter
938 2579 1172 2619 intereunt
1205 2580 1353 2619 shmul.

266 2708 374 2745 Sunt
399 2708 582 2754 vestigia
602 2707 796 2743 veteris
821 2705 1237 2742 versificationis.
1257 2711 1302 2742 ut
1318 2706 1342 2741 8
1360 2715 1512 2741 versus
1532 2704 1667 2741 exitus
1685 2733 1691 2740 .
1709 2733 1715 2739 .
1733 2732 1739 2738 .
1755 2714 1844 2740 con-

146 2761 421 2808 spirantibus,
448 2767 489 2797 et
512 2762 534 2797 9
560 2761 756 2797 senarius
784 2770 808 2795 a
835 2759 1105 2796 diasceuasta
1131 2764 1282 2805 ruptus
1302 2757 1519 2794 dilatando
1538 2756 1681 2793 Ieiuno
1700 2759 1846 2792 ventre

151 2814 361 2859 [membra
379 2814 537 2859 omnia]
558 2816 782 2860 coeperunt
799 2812 1024 2848 lassescere
1041 2827 1085 2840 z
1102 2810 1247 2847 Ieiuno
1266 2813 1410 2846 ventre
1430 2811 1502 2856 [ut]
1525 2811 1748 2856 coepffmmt
1765 2809 1846 2845 las-

147 2877 314 2904 sescere.
343 2873 383 2904 et
408 2874 653 2914 postremus
683 2866 725 2903 12
751 2865 947 2903 senarius
974 2864 1209 2901 restituitur
1235 2863 1380 2900 verbis
1399 2874 1484 2900 non
1504 2863 1688 2904 mutatis,
1709 2862 1785 2900 sed
1804 2863 1845 2899 in

1708 2927 1726 2958 2
