<?xml version="1.0" encoding="UTF-8"?>
<!DOCTYPE html PUBLIC "-//W3C//DTD XHTML 1.0 Transitional//EN"
    "http://www.w3.org/TR/xhtml1/DTD/xhtml1-transitional.dtd">
<html xmlns="http://www.w3.org/1999/xhtml" xml:lang="en" lang="en">
 <head>
  <title>
</title>
<meta http-equiv="Content-Type" content="text/html;charset=utf-8" />
  <meta name='ocr-system' content='tesseract 3.04.00' />
  <meta name='ocr-capabilities' content='ocr_page ocr_carea ocr_par ocr_line ocrx_word'/>
</head>
<body>
  <div class='ocr_page' id='page_1' title='image "./phaedrvssolvtvsv00phaeuoft_0148.png"; bbox 0 0 2152 3229; ppageno 0'>
   <div class='ocr_carea' id='block_1_1' title="bbox 254 151 270 159">
    <p class='ocr_par' dir='ltr' id='par_1_1' title="bbox 254 151 270 159">
     <span class='ocr_line' id='line_1_1' title="bbox 254 151 270 159; baseline 0 -3"><span class='ocrx_word' id='word_1_1' title='bbox 254 151 270 159; x_wconf 77' lang='grc'>,-</span> 
     </span>
    </p>
   </div>
   <div class='ocr_carea' id='block_1_2' title="bbox 250 148 1389 193">
    <p class='ocr_par' dir='ltr' id='par_1_2' title="bbox 250 148 1389 193">
     <span class='ocr_line' id='line_1_2' title="bbox 250 148 1389 193; baseline 0.004 -5"><span class='ocrx_word' id='word_1_2' title='bbox 250 148 305 188; x_wconf 71' lang='lat'>02</span> <span class='ocrx_word' id='word_1_3' title='bbox 810 162 959 192; x_wconf 85' lang='lat' dir='ltr'>Phaedri</span> <span class='ocrx_word' id='word_1_4' title='bbox 986 162 1094 193; x_wconf 88' lang='lat' dir='ltr'>soluti</span> <span class='ocrx_word' id='word_1_5' title='bbox 1122 162 1257 193; x_wconf 76' lang='lat' dir='ltr'>fabulae</span> <span class='ocrx_word' id='word_1_6' title='bbox 1285 162 1389 193; x_wconf 85' lang='lat' dir='ltr'>XXX</span> 
     </span>
    </p>
   </div>
   <div class='ocr_carea' id='block_1_3' title="bbox 252 265 1049 389">
    <p class='ocr_par' dir='ltr' id='par_1_3' title="bbox 252 265 1049 389">
     <span class='ocr_line' id='line_1_3' title="bbox 254 265 934 318; baseline 0 -13"><span class='ocrx_word' id='word_1_7' title='bbox 254 266 377 318; x_wconf 85' lang='lat' dir='ltr'>[Ideo</span> <span class='ocrx_word' id='word_1_8' title='bbox 412 265 616 317; x_wconf 88' lang='lat' dir='ltr'>quisquis</span> <span class='ocrx_word' id='word_1_9' title='bbox 650 266 768 306; x_wconf 88' lang='lat' dir='ltr'>haec</span> <span class='ocrx_word' id='word_1_10' title='bbox 803 265 934 306; x_wconf 83' lang='lat' dir='ltr'>audis</span> 
     </span>
     <span class='ocr_line' id='line_1_4' title="bbox 252 336 1049 389; baseline 0 -13"><span class='ocrx_word' id='word_1_11' title='bbox 252 337 373 389; x_wconf 85' lang='lat' dir='ltr'>quod</span> <span class='ocrx_word' id='word_1_12' title='bbox 408 348 458 376; x_wconf 85' lang='lat' dir='ltr'>es</span> <span class='ocrx_word' id='word_1_13' title='bbox 492 343 593 377; x_wconf 85' lang='lat' dir='ltr'>esto</span> <span class='ocrx_word' id='word_1_14' title='bbox 628 344 672 377; x_wconf 90' lang='lat' dir='ltr'>et</span> <span class='ocrx_word' id='word_1_15' title='bbox 706 337 889 376; x_wconf 86' lang='lat' dir='ltr'>mentiri</span> <span class='ocrx_word' id='word_1_16' title='bbox 923 336 1049 388; x_wconf 91' lang='lat' dir='ltr'>noli.]</span> 
     </span>
    </p>
   </div>
   <div class='ocr_carea' id='block_1_4' title="bbox 251 546 1968 1930">
    <p class='ocr_par' dir='ltr' id='par_1_4' title="bbox 251 546 1968 1930">
     <span class='ocr_line' id='line_1_5' title="bbox 369 546 1956 594; baseline 0 -11"><span class='ocrx_word' id='word_1_17' title='bbox 369 547 598 583; x_wconf 76' lang='lat' dir='ltr'>Adnotatio.</span> <span class='ocrx_word' id='word_1_18' title='bbox 650 546 829 583; x_wconf 81' lang='lat' dir='ltr'>Correxi</span> <span class='ocrx_word' id='word_1_19' title='bbox 858 553 898 583; x_wconf 89' lang='lat' dir='ltr'>et</span> <span class='ocrx_word' id='word_1_20' title='bbox 924 547 1119 594; x_wconf 79' lang='lat' dir='ltr'>supplevi</span> <span class='ocrx_word' id='word_1_21' title='bbox 1147 547 1303 594; x_wconf 83' lang='lat' dir='ltr'>partim</span> <span class='ocrx_word' id='word_1_22' title='bbox 1333 547 1522 583; x_wconf 85' lang='lat' dir='ltr'>adhibito</span> <span class='ocrx_word' id='word_1_23' title='bbox 1551 558 1571 582; x_wconf 89' lang='lat' dir='ltr'>r</span> <span class='ocrx_word' id='word_1_24' title='bbox 1597 548 1653 591; x_wconf 57' lang='lat' dir='ltr'>(z</span> <span class='ocrx_word' id='word_1_25' title='bbox 1681 549 1747 583; x_wconf 76' lang='lat' dir='ltr'>w‘2</span> <span class='ocrx_word' id='word_1_26' title='bbox 1768 546 1824 592; x_wconf 76' lang='grc' dir='ltr'>Β),</span> <span class='ocrx_word' id='word_1_27' title='bbox 1846 558 1956 594; x_wconf 87' lang='lat' dir='ltr'>quae</span> 
     </span>
     <span class='ocr_line' id='line_1_6' title="bbox 251 600 1954 648; baseline 0 -11"><span class='ocrx_word' id='word_1_28' title='bbox 251 601 401 638; x_wconf 86' lang='lat' dir='ltr'>litteris</span> <span class='ocrx_word' id='word_1_29' title='bbox 429 601 573 640; x_wconf 80' lang='lat' dir='ltr'>rectis:</span> <span class='ocrx_word' id='word_1_30' title='bbox 600 601 756 648; x_wconf 87' lang='lat' dir='ltr'>partim</span> <span class='ocrx_word' id='word_1_31' title='bbox 784 601 960 647; x_wconf 91' lang='lat' dir='ltr'>proprio</span> <span class='ocrx_word' id='word_1_32' title='bbox 988 600 1137 642; x_wconf 74' lang='lat' dir='ltr'>Marte,</span> <span class='ocrx_word' id='word_1_33' title='bbox 1165 611 1275 647; x_wconf 89' lang='lat' dir='ltr'>quae</span> <span class='ocrx_word' id='word_1_34' title='bbox 1301 600 1512 636; x_wconf 74' lang='lat' dir='ltr'>inclinatis</span> <span class='ocrx_word' id='word_1_35' title='bbox 1539 601 1688 636; x_wconf 86' lang='lat' dir='ltr'>litteris</span> <span class='ocrx_word' id='word_1_36' title='bbox 1716 601 1879 647; x_wconf 75' lang='lat' dir='ltr'>scripsi.</span> <span class='ocrx_word' id='word_1_37' title='bbox 1901 621 1954 637; x_wconf 87' lang='lat'>—.</span> 
     </span>
     <span class='ocr_line' id='line_1_7' title="bbox 252 653 1954 700; baseline -0.001 -9"><span class='ocrx_word' id='word_1_38' title='bbox 252 677 295 681; x_wconf 84' lang='lat'>——</span> <span class='ocrx_word' id='word_1_39' title='bbox 322 657 368 691; x_wconf 89' lang='lat' dir='ltr'>V.</span> <span class='ocrx_word' id='word_1_40' title='bbox 396 656 428 691; x_wconf 91' lang='lat'>1.</span> <span class='ocrx_word' id='word_1_41' title='bbox 456 666 495 691; x_wconf 85' lang='lat' dir='ltr'>w</span> <span class='ocrx_word' id='word_1_42' title='bbox 511 657 523 675; x_wconf 75' lang='lat'>²¹</span> <span class='ocrx_word' id='word_1_43' title='bbox 551 655 593 691; x_wconf 90' lang='lat' dir='ltr'>in</span> <span class='ocrx_word' id='word_1_44' title='bbox 613 665 776 690; x_wconf 86' lang='lat' dir='ltr'>rasura.</span> <span class='ocrx_word' id='word_1_45' title='bbox 796 676 841 679; x_wconf 84' lang='lat'>—</span> <span class='ocrx_word' id='word_1_46' title='bbox 861 656 895 690; x_wconf 88' lang='lat'>3.</span> <span class='ocrx_word' id='word_1_47' title='bbox 912 657 1066 700; x_wconf 69' lang='lat' dir='ltr'>parato</span> <span class='ocrx_word' id='word_1_48' title='bbox 1086 665 1125 690; x_wconf 79' lang='lat' dir='ltr'>w</span> <span class='ocrx_word' id='word_1_49' title='bbox 1143 657 1152 675; x_wconf 85' lang='lat'>¹</span> <span class='ocrx_word' id='word_1_50' title='bbox 1173 665 1179 690; x_wconf 89' lang='lat'><strong>:</strong></span> <span class='ocrx_word' id='word_1_51' title='bbox 1194 657 1318 700; x_wconf 73' lang='lat' dir='ltr'>prato</span> <span class='ocrx_word' id='word_1_52' title='bbox 1338 665 1377 689; x_wconf 80' lang='lat' dir='ltr'>w</span> <span class='ocrx_word' id='word_1_53' title='bbox 1393 657 1416 689; x_wconf 66' lang='lat'>2.</span> <span class='ocrx_word' id='word_1_54' title='bbox 1438 675 1479 678; x_wconf 86' lang='lat'>—</span> <span class='ocrx_word' id='word_1_55' title='bbox 1500 655 1524 688; x_wconf 81' lang='lat'>4</span> <span class='ocrx_word' id='word_1_56' title='bbox 1541 656 1669 700; x_wconf 74' lang='lat' dir='ltr'>capnt</span> <span class='ocrx_word' id='word_1_57' title='bbox 1685 653 1852 689; x_wconf 73' lang='lat' dir='ltr'>subdoli</span> <span class='ocrx_word' id='word_1_58' title='bbox 1866 665 1904 690; x_wconf 85' lang='lat' dir='ltr'><strong>w</strong></span> <span class='ocrx_word' id='word_1_59' title='bbox 1922 656 1930 675; x_wconf 89' lang='lat'>¹</span> <span class='ocrx_word' id='word_1_60' title='bbox 1948 665 1954 689; x_wconf 91' lang='lat'>:</span> 
     </span>
     <span class='ocr_line' id='line_1_8' title="bbox 252 706 1957 755; baseline -0.001 -10"><span class='ocrx_word' id='word_1_61' title='bbox 252 708 382 755; x_wconf 73' lang='lat' dir='ltr'>coepit</span> <span class='ocrx_word' id='word_1_62' title='bbox 406 708 609 744; x_wconf 73' lang='lat' dir='ltr'>subdolus</span> <span class='ocrx_word' id='word_1_63' title='bbox 634 719 675 744; x_wconf 82' lang='lat' dir='ltr'>w</span> <span class='ocrx_word' id='word_1_64' title='bbox 690 711 714 744; x_wconf 89' lang='lat'>&#39;·&#39;.</span> <span class='ocrx_word' id='word_1_65' title='bbox 742 729 783 732; x_wconf 88' lang='lat'>—</span> <span class='ocrx_word' id='word_1_66' title='bbox 812 710 846 743; x_wconf 88' lang='grc'>6.</span> <span class='ocrx_word' id='word_1_67' title='bbox 865 707 1100 753; x_wconf 73' lang='lat' dir='ltr'>praesensit</span> <span class='ocrx_word' id='word_1_68' title='bbox 1118 707 1268 754; x_wconf 88' lang='lat' dir='ltr'>scripsi</span> <span class='ocrx_word' id='word_1_69' title='bbox 1288 719 1293 743; x_wconf 92' lang='lat'>:</span> <span class='ocrx_word' id='word_1_70' title='bbox 1308 707 1538 753; x_wconf 73' lang='lat' dir='ltr'>praesentit</span> <span class='ocrx_word' id='word_1_71' title='bbox 1555 718 1594 743; x_wconf 85' lang='lat' dir='ltr'>w</span> <span class='ocrx_word' id='word_1_72' title='bbox 1609 709 1621 728; x_wconf 85' lang='lat'>²</span> <span class='ocrx_word' id='word_1_73' title='bbox 1638 719 1644 743; x_wconf 90' lang='lat'>:</span> <span class='ocrx_word' id='word_1_74' title='bbox 1661 706 1957 753; x_wconf 67' lang='lat' dir='ltr'>conprehendit</span> 
     </span>
     <span class='ocr_line' id='line_1_9' title="bbox 252 760 1958 806; baseline -0.001 -8"><span class='ocrx_word' id='word_1_75' title='bbox 252 765 330 798; x_wconf 79' lang='lat' dir='ltr'>w1.</span> <span class='ocrx_word' id='word_1_76' title='bbox 371 783 413 787; x_wconf 88' lang='lat'>—</span> <span class='ocrx_word' id='word_1_77' title='bbox 453 763 488 797; x_wconf 89' lang='grc'>5.</span> <span class='ocrx_word' id='word_1_78' title='bbox 527 762 683 797; x_wconf 70' lang='lat' dir='ltr'>honore</span> <span class='ocrx_word' id='word_1_79' title='bbox 721 772 815 797; x_wconf 75' lang='lat' dir='ltr'>cnm</span> <span class='ocrx_word' id='word_1_80' title='bbox 858 760 1035 806; x_wconf 59' lang='lat' dir='ltr'>[salutis]</span> <span class='ocrx_word' id='word_1_81' title='bbox 1079 761 1115 797; x_wconf 64' lang='grc' dir='ltr'>(ἰ.</span> <span class='ocrx_word' id='word_1_82' title='bbox 1144 772 1177 797; x_wconf 86' lang='lat' dir='ltr'>e.</span> <span class='ocrx_word' id='word_1_83' title='bbox 1218 761 1466 805; x_wconf 79' lang='lat' dir='ltr'>salutantis).</span> <span class='ocrx_word' id='word_1_84' title='bbox 1507 760 1614 796; x_wconf 90' lang='lat' dir='ltr'>ordo</span> <span class='ocrx_word' id='word_1_85' title='bbox 1649 760 1883 796; x_wconf 80' lang='lat' dir='ltr'>verborum</span> <span class='ocrx_word' id='word_1_86' title='bbox 1914 765 1958 796; x_wconf 90' lang='lat' dir='ltr'>ut</span> 
     </span>
     <span class='ocr_line' id='line_1_10' title="bbox 255 813 1959 860; baseline -0.002 -8"><span class='ocrx_word' id='word_1_87' title='bbox 255 815 433 853; x_wconf 83' lang='lat' dir='ltr'>Ovidius</span> <span class='ocrx_word' id='word_1_88' title='bbox 478 815 521 851; x_wconf 81' lang='lat' dir='ltr'><strong>M</strong></span> <span class='ocrx_word' id='word_1_89' title='bbox 550 815 650 851; x_wconf 75' lang='lat' dir='ltr'>XIV</span> <span class='ocrx_word' id='word_1_90' title='bbox 696 814 766 850; x_wconf 63' lang='lat'>802</span> <span class='ocrx_word' id='word_1_91' title='bbox 810 814 1024 857; x_wconf 63' lang='lat' dir='ltr'>sang-nine</span> <span class='ocrx_word' id='word_1_92' title='bbox 1062 825 1157 851; x_wconf 79' lang='lat' dir='ltr'>cnm</span> <span class='ocrx_word' id='word_1_93' title='bbox 1196 814 1337 850; x_wconf 72' lang='lat' dir='ltr'>soceri.</span> <span class='ocrx_word' id='word_1_94' title='bbox 1379 835 1422 839; x_wconf 78' lang='lat'>—</span> <span class='ocrx_word' id='word_1_95' title='bbox 1460 813 1628 860; x_wconf 72' lang='lat' dir='ltr'>sonipes</span> <span class='ocrx_word' id='word_1_96' title='bbox 1654 814 1808 860; x_wconf 76' lang='lat' dir='ltr'>scripsi</span> <span class='ocrx_word' id='word_1_97' title='bbox 1836 813 1959 850; x_wconf 91' lang='lat' dir='ltr'>metri</span> 
     </span>
     <span class='ocr_line' id='line_1_11' title="bbox 255 866 1958 915; baseline -0.002 -10"><span class='ocrx_word' id='word_1_98' title='bbox 255 880 386 906; x_wconf 81' lang='lat' dir='ltr'>causa</span> <span class='ocrx_word' id='word_1_99' title='bbox 424 886 468 898; x_wconf 58' lang='lat'>:-</span> <span class='ocrx_word' id='word_1_100' title='bbox 508 880 654 915; x_wconf 72' lang='lat' dir='ltr'>equus,</span> <span class='ocrx_word' id='word_1_101' title='bbox 694 874 739 904; x_wconf 88' lang='lat' dir='ltr'>ut</span> <span class='ocrx_word' id='word_1_102' title='bbox 779 870 810 901; x_wconf 88' lang='grc' dir='ltr'><strong>Φ</strong></span> <span class='ocrx_word' id='word_1_103' title='bbox 850 867 907 903; x_wconf 64' lang='lat' dir='ltr'>[V</span> <span class='ocrx_word' id='word_1_104' title='bbox 945 868 977 903; x_wconf 66' lang='lat'>4.</span> <span class='ocrx_word' id='word_1_105' title='bbox 1016 868 1040 903; x_wconf 99' lang='lat'>3</span> <span class='ocrx_word' id='word_1_106' title='bbox 1076 867 1244 913; x_wconf 73' lang='lat' dir='ltr'>sonipes</span> <span class='ocrx_word' id='word_1_107' title='bbox 1282 868 1416 904; x_wconf 89' lang='lat' dir='ltr'>iratus</span> <span class='ocrx_word' id='word_1_108' title='bbox 1456 867 1561 903; x_wconf 76' lang='lat' dir='ltr'>fero.</span> <span class='ocrx_word' id='word_1_109' title='bbox 1602 888 1643 891; x_wconf 97' lang='lat'><strong>—</strong></span> <span class='ocrx_word' id='word_1_110' title='bbox 1685 869 1719 902; x_wconf 92' lang='lat'>8.</span> <span class='ocrx_word' id='word_1_111' title='bbox 1760 866 1958 903; x_wconf 77' lang='lat' dir='ltr'>callz&#39;dzmz</span> 
     </span>
     <span class='ocr_line' id='line_1_12' title="bbox 255 919 1959 965; baseline -0.002 -6"><span class='ocrx_word' id='word_1_112' title='bbox 255 923 418 959; x_wconf 79' lang='lat' dir='ltr'>conieci</span> <span class='ocrx_word' id='word_1_113' title='bbox 441 934 447 958; x_wconf 88' lang='grc'>;</span> <span class='ocrx_word' id='word_1_114' title='bbox 470 921 690 965; x_wconf 64' lang='lat' dir='ltr'>ingenium</span> <span class='ocrx_word' id='word_1_115' title='bbox 728 932 779 956; x_wconf 81' lang='lat' dir='ltr'>w.</span> <span class='ocrx_word' id='word_1_116' title='bbox 823 942 862 945; x_wconf 82' lang='lat'>—</span> <span class='ocrx_word' id='word_1_117' title='bbox 904 920 1092 964; x_wconf 65' lang='lat' dir='ltr'>(hostem</span> <span class='ocrx_word' id='word_1_118' title='bbox 1133 920 1344 961; x_wconf 72' lang='lat' dir='ltr'>calll&#39;dmn,</span> <span class='ocrx_word' id='word_1_119' title='bbox 1383 926 1428 956; x_wconf 89' lang='lat' dir='ltr'>ut</span> <span class='ocrx_word' id='word_1_120' title='bbox 1469 923 1500 955; x_wconf 88' lang='grc' dir='ltr'><strong>Φ</strong></span> <span class='ocrx_word' id='word_1_121' title='bbox 1539 920 1596 955; x_wconf 66' lang='lat' dir='ltr'>IV</span> <span class='ocrx_word' id='word_1_122' title='bbox 1635 920 1668 956; x_wconf 79' lang='lat'>2.</span> <span class='ocrx_word' id='word_1_123' title='bbox 1706 920 1749 956; x_wconf 75' lang='lat'>18</span> <span class='ocrx_word' id='word_1_124' title='bbox 1781 919 1959 956; x_wconf 77' lang='lat' dir='ltr'>insidias</span> 
     </span>
     <span class='ocr_line' id='line_1_13' title="bbox 256 972 1959 1012; baseline -0.002 0"><span class='ocrx_word' id='word_1_125' title='bbox 256 986 436 1012; x_wconf 86' lang='lat' dir='ltr'>cernens</span> <span class='ocrx_word' id='word_1_126' title='bbox 474 974 605 1010; x_wconf 71' lang='lat' dir='ltr'>hostis</span> <span class='ocrx_word' id='word_1_127' title='bbox 643 973 791 1010; x_wconf 75' lang='lat' dir='ltr'>callidi.</span> <span class='ocrx_word' id='word_1_128' title='bbox 834 994 874 998; x_wconf 88' lang='lat'>—</span> <span class='ocrx_word' id='word_1_129' title='bbox 913 976 948 1008; x_wconf 86' lang='grc'>9.</span> <span class='ocrx_word' id='word_1_130' title='bbox 987 984 1032 1008; x_wconf 77' lang='lat' dir='ltr'>se</span> <span class='ocrx_word' id='word_1_131' title='bbox 1059 973 1153 1009; x_wconf 84' lang='lat' dir='ltr'>add.</span> <span class='ocrx_word' id='word_1_132' title='bbox 1191 976 1378 1009; x_wconf 74' lang='lat' dir='ltr'>w²zom.</span> <span class='ocrx_word' id='word_1_133' title='bbox 1412 977 1490 1009; x_wconf 79' lang='lat' dir='ltr'>w¹.</span> <span class='ocrx_word' id='word_1_134' title='bbox 1525 994 1567 997; x_wconf 83' lang='lat'>—</span> <span class='ocrx_word' id='word_1_135' title='bbox 1595 974 1652 1008; x_wconf 89' lang='lat'>11.</span> <span class='ocrx_word' id='word_1_136' title='bbox 1681 972 1810 1009; x_wconf 72' lang='lat' dir='ltr'>libera</span> <span class='ocrx_word' id='word_1_137' title='bbox 1836 972 1959 1008; x_wconf 82' lang='lat' dir='ltr'>sodes</span> 
     </span>
     <span class='ocr_line' id='line_1_14' title="bbox 255 1026 1959 1075; baseline -0.001 -10"><span class='ocrx_word' id='word_1_138' title='bbox 255 1028 577 1075; x_wconf 69' lang='lat' dir='ltr'>scripsizlz&#39;bera</span> <span class='ocrx_word' id='word_1_139' title='bbox 616 1039 667 1063; x_wconf 79' lang='lat' dir='ltr'>w.</span> <span class='ocrx_word' id='word_1_140' title='bbox 707 1027 829 1062; x_wconf 78' lang='lat' dir='ltr'>sodes</span> <span class='ocrx_word' id='word_1_141' title='bbox 869 1026 1014 1062; x_wconf 86' lang='lat' dir='ltr'>addidi</span> <span class='ocrx_word' id='word_1_142' title='bbox 1054 1033 1097 1062; x_wconf 90' lang='lat' dir='ltr'>ut</span> <span class='ocrx_word' id='word_1_143' title='bbox 1137 1027 1354 1073; x_wconf 75' lang='lat' dir='ltr'>explerem</span> <span class='ocrx_word' id='word_1_144' title='bbox 1393 1027 1623 1062; x_wconf 87' lang='lat' dir='ltr'>senarium.</span> <span class='ocrx_word' id='word_1_145' title='bbox 1665 1026 1715 1062; x_wconf 74' lang='lat' dir='ltr'>cf.</span> <span class='ocrx_word' id='word_1_146' title='bbox 1754 1028 1785 1060; x_wconf 89' lang='grc' dir='ltr'><em>Φ</em></span> <span class='ocrx_word' id='word_1_147' title='bbox 1818 1036 1911 1072; x_wconf 90' lang='lat' dir='ltr'>app.</span> <span class='ocrx_word' id='word_1_148' title='bbox 1926 1026 1959 1064; x_wconf 82' lang='grc'>9.</span> 
     </span>
     <span class='ocr_line' id='line_1_15' title="bbox 254 1079 1961 1127; baseline -0.002 -9"><span class='ocrx_word' id='word_1_149' title='bbox 254 1085 277 1119; x_wconf 69' lang='grc' dir='ltr'>ὅ</span> <span class='ocrx_word' id='word_1_150' title='bbox 309 1082 372 1118; x_wconf 73' lang='lat' dir='ltr'>dic</span> <span class='ocrx_word' id='word_1_151' title='bbox 402 1081 523 1117; x_wconf 74' lang='lat' dir='ltr'>sodes</span> <span class='ocrx_word' id='word_1_152' title='bbox 556 1086 714 1127; x_wconf 85' lang='lat' dir='ltr'>quanto</span> <span class='ocrx_word' id='word_1_153' title='bbox 742 1080 882 1127; x_wconf 79' lang='lat' dir='ltr'>possis</span> <span class='ocrx_word' id='word_1_154' title='bbox 909 1079 1055 1115; x_wconf 83' lang='lat' dir='ltr'>satiari</span> <span class='ocrx_word' id='word_1_155' title='bbox 1085 1079 1192 1115; x_wconf 90' lang='lat' dir='ltr'>cibo.</span> <span class='ocrx_word' id='word_1_156' title='bbox 1222 1100 1264 1104; x_wconf 80' lang='lat'>-—</span> <span class='ocrx_word' id='word_1_157' title='bbox 1292 1080 1350 1114; x_wconf 81' lang='lat'>12.</span> <span class='ocrx_word' id='word_1_158' title='bbox 1376 1079 1571 1125; x_wconf 77' lang='lat' dir='ltr'>placidus</span> <span class='ocrx_word' id='word_1_159' title='bbox 1598 1079 1775 1124; x_wconf 79' lang='lat' dir='ltr'>conieci,</span> <span class='ocrx_word' id='word_1_160' title='bbox 1804 1079 1961 1115; x_wconf 83' lang='lat' dir='ltr'>collato</span> 
     </span>
     <span class='ocr_line' id='line_1_16' title="bbox 257 1132 1960 1180; baseline -0.001 -9"><span class='ocrx_word' id='word_1_161' title='bbox 257 1139 289 1171; x_wconf 89' lang='grc' dir='ltr'><strong>Φ</strong></span> <span class='ocrx_word' id='word_1_162' title='bbox 322 1136 357 1171; x_wconf 89' lang='lat' dir='ltr'>II</span> <span class='ocrx_word' id='word_1_163' title='bbox 394 1136 422 1171; x_wconf 91' lang='lat'>1.</span> <span class='ocrx_word' id='word_1_164' title='bbox 450 1135 471 1170; x_wconf 81' lang='lat'><strong>7</strong></span> <span class='ocrx_word' id='word_1_165' title='bbox 505 1134 571 1170; x_wconf 88' lang='lat' dir='ltr'>cui</span> <span class='ocrx_word' id='word_1_166' title='bbox 603 1133 796 1180; x_wconf 71' lang='lat' dir='ltr'>placidus</span> <span class='ocrx_word' id='word_1_167' title='bbox 829 1133 898 1169; x_wconf 93' lang='lat' dir='ltr'>ille</span> <span class='ocrx_word' id='word_1_168' title='bbox 925 1133 1021 1177; x_wconf 60' lang='lat' dir='ltr'>(leo)</span> <span class='ocrx_word' id='word_1_169' title='bbox 1054 1143 1159 1169; x_wconf 41' lang='lat' dir='ltr'>=*non</span> <span class='ocrx_word' id='word_1_170' title='bbox 1188 1138 1251 1169; x_wconf 89' lang='lat' dir='ltr'>est</span> <span class='ocrx_word' id='word_1_171' title='bbox 1278 1133 1392 1179; x_wconf 91' lang='lat' dir='ltr'>quod</span> <span class='ocrx_word' id='word_1_172' title='bbox 1420 1132 1593 1168; x_wconf 73' lang='lat' dir='ltr'>timeas</span> <span class='ocrx_word' id='word_1_173' title='bbox 1625 1132 1884 1178; x_wconf 75' lang='lat' dir='ltr'>aitzpatz&#39;ens</span> <span class='ocrx_word' id='word_1_174' title='bbox 1909 1143 1960 1169; x_wconf 80' lang='lat' dir='ltr'>w.</span> 
     </span>
     <span class='ocr_line' id='line_1_17' title="bbox 256 1184 1956 1236; baseline -0.003 -11"><span class='ocrx_word' id='word_1_175' title='bbox 256 1189 372 1236; x_wconf 88' lang='lat' dir='ltr'>quod</span> <span class='ocrx_word' id='word_1_176' title='bbox 406 1198 527 1224; x_wconf 89' lang='lat' dir='ltr'>more</span> <span class='ocrx_word' id='word_1_177' title='bbox 553 1198 678 1223; x_wconf 84' lang='lat' dir='ltr'>serae</span> <span class='ocrx_word' id='word_1_178' title='bbox 705 1186 923 1222; x_wconf 71' lang='lat' dir='ltr'>latinitatis</span> <span class='ocrx_word' id='word_1_179' title='bbox 952 1186 1176 1222; x_wconf 87' lang='lat' dir='ltr'>dicebatur</span> <span class='ocrx_word' id='word_1_180' title='bbox 1202 1185 1354 1222; x_wconf 89' lang='lat' dir='ltr'>eadem</span> <span class='ocrx_word' id='word_1_181' title='bbox 1382 1185 1696 1232; x_wconf 73' lang='lat' dir='ltr'>significatione</span> <span class='ocrx_word' id='word_1_182' title='bbox 1724 1196 1807 1232; x_wconf 88' lang='lat' dir='ltr'>qua</span> <span class='ocrx_word' id='word_1_183' title='bbox 1830 1184 1956 1231; x_wconf 74' lang='lat' dir='ltr'>place·-</span> 
     </span>
     <span class='ocr_line' id='line_1_18' title="bbox 256 1237 1958 1284; baseline -0.003 -6"><span class='ocrx_word' id='word_1_184' title='bbox 256 1243 346 1279; x_wconf 70' lang='lat' dir='ltr'>‹tns</span> <span class='ocrx_word' id='word_1_185' title='bbox 385 1263 427 1267; x_wconf 97' lang='lat'><strong>—</strong></span> <span class='ocrx_word' id='word_1_186' title='bbox 468 1240 746 1277; x_wconf 72' lang='lat' dir='ltr'>dissimulans</span> <span class='ocrx_word' id='word_1_187' title='bbox 773 1242 839 1276; x_wconf 54' lang='grc' dir='ltr'>κγ’</span> <span class='ocrx_word' id='word_1_188' title='bbox 856 1251 862 1275; x_wconf 85' lang='grc'>;</span> <span class='ocrx_word' id='word_1_189' title='bbox 880 1239 1141 1275; x_wconf 72' lang='lat' dir='ltr'>desinmlcms</span> <span class='ocrx_word' id='word_1_190' title='bbox 1168 1250 1206 1275; x_wconf 85' lang='lat' dir='ltr'>w</span> <span class='ocrx_word' id='word_1_191' title='bbox 1225 1242 1245 1274; x_wconf 86' lang='lat'>¹.</span> <span class='ocrx_word' id='word_1_192' title='bbox 1273 1260 1318 1263; x_wconf 83' lang='lat'>——</span> <span class='ocrx_word' id='word_1_193' title='bbox 1351 1240 1409 1274; x_wconf 86' lang='lat'>13.</span> <span class='ocrx_word' id='word_1_194' title='bbox 1437 1238 1568 1275; x_wconf 68' lang='lat' dir='ltr'>veloci</span> <span class='ocrx_word' id='word_1_195' title='bbox 1591 1237 1754 1274; x_wconf 68' lang='lat' dir='ltr'>turbine</span> <span class='ocrx_word' id='word_1_196' title='bbox 1780 1237 1958 1284; x_wconf 86' lang='lat' dir='ltr'>scripsi:</span> 
     </span>
     <span class='ocr_line' id='line_1_19' title="bbox 256 1291 1966 1336; baseline -0.003 -4"><span class='ocrx_word' id='word_1_197' title='bbox 256 1295 448 1332; x_wconf 66' lang='lat' dir='ltr'>velociter</span> <span class='ocrx_word' id='word_1_198' title='bbox 475 1325 503 1331; x_wconf 94' lang='lat'>..</span> <span class='ocrx_word' id='word_1_199' title='bbox 532 1294 798 1330; x_wconf 70' lang='lat' dir='ltr'>turbulentus</span> <span class='ocrx_word' id='word_1_200' title='bbox 825 1296 890 1328; x_wconf 80' lang='lat' dir='ltr'>w¹</span> <span class='ocrx_word' id='word_1_201' title='bbox 920 1292 1196 1335; x_wconf 39' lang='lat' dir='ltr'>(turbulentos</span> <span class='ocrx_word' id='word_1_202' title='bbox 1222 1303 1260 1328; x_wconf 79' lang='lat' dir='ltr'>w</span> <span class='ocrx_word' id='word_1_203' title='bbox 1277 1294 1315 1336; x_wconf 71' lang='grc'>2).</span> <span class='ocrx_word' id='word_1_204' title='bbox 1343 1291 1475 1328; x_wconf 70' lang='lat' dir='ltr'>veloci</span> <span class='ocrx_word' id='word_1_205' title='bbox 1497 1292 1668 1328; x_wconf 75' lang='lat' dir='ltr'>turbine</span> <span class='ocrx_word' id='word_1_206' title='bbox 1694 1309 1725 1321; x_wconf 61' lang='grc' dir='ltr'><em>Ν</em></span> <span class='ocrx_word' id='word_1_207' title='bbox 1755 1295 1785 1328; x_wconf 90' lang='grc' dir='ltr'><strong>Φ</strong></span> <span class='ocrx_word' id='word_1_208' title='bbox 1812 1291 1827 1327; x_wconf 93' lang='grc' dir='ltr'>Ι</span> <span class='ocrx_word' id='word_1_209' title='bbox 1858 1291 1912 1327; x_wconf 81' lang='grc'>16.</span> <span class='ocrx_word' id='word_1_210' title='bbox 1943 1291 1966 1327; x_wconf 83' lang='grc'>6</span> 
     </span>
     <span class='ocr_line' id='line_1_20' title="bbox 256 1344 1964 1394; baseline -0.003 -9"><span class='ocrx_word' id='word_1_211' title='bbox 256 1348 388 1385; x_wconf 66' lang='lat' dir='ltr'>veloci</span> <span class='ocrx_word' id='word_1_212' title='bbox 417 1349 588 1394; x_wconf 72' lang='lat' dir='ltr'>impetu,</span> <span class='ocrx_word' id='word_1_213' title='bbox 623 1347 679 1383; x_wconf 92' lang='grc' dir='ltr'>ΙΙΙ</span> <span class='ocrx_word' id='word_1_214' title='bbox 711 1347 743 1382; x_wconf 73' lang='lat'>2.</span> <span class='ocrx_word' id='word_1_215' title='bbox 782 1346 823 1382; x_wconf 85' lang='lat'>10</span> <span class='ocrx_word' id='word_1_216' title='bbox 856 1345 987 1382; x_wconf 70' lang='lat' dir='ltr'>veloci</span> <span class='ocrx_word' id='word_1_217' title='bbox 1016 1346 1137 1381; x_wconf 81' lang='lat' dir='ltr'>saltu.</span> <span class='ocrx_word' id='word_1_218' title='bbox 1170 1367 1215 1370; x_wconf 94' lang='lat'>—</span> <span class='ocrx_word' id='word_1_219' title='bbox 1249 1345 1412 1381; x_wconf 70' lang='lat' dir='ltr'>turbine</span> <span class='ocrx_word' id='word_1_220' title='bbox 1444 1345 1478 1381; x_wconf 88' lang='lat' dir='ltr'>si</span> <span class='ocrx_word' id='word_1_221' title='bbox 1511 1345 1733 1381; x_wconf 72' lang='lat' dir='ltr'>Phaedrus</span> <span class='ocrx_word' id='word_1_222' title='bbox 1760 1344 1841 1380; x_wconf 86' lang='lat' dir='ltr'>hoc</span> <span class='ocrx_word' id='word_1_223' title='bbox 1869 1345 1964 1381; x_wconf 91' lang='lat' dir='ltr'>loco</span> 
     </span>
     <span class='ocr_line' id='line_1_21' title="bbox 256 1397 1965 1449; baseline -0.003 -11"><span class='ocrx_word' id='word_1_224' title='bbox 256 1403 439 1449; x_wconf 72' lang='lat' dir='ltr'>scripsit,</span> <span class='ocrx_word' id='word_1_225' title='bbox 459 1401 673 1437; x_wconf 74' lang='lat' dir='ltr'>turbinem</span> <span class='ocrx_word' id='word_1_226' title='bbox 694 1400 795 1436; x_wconf 85' lang='lat' dir='ltr'>dixit</span> <span class='ocrx_word' id='word_1_227' title='bbox 815 1399 997 1435; x_wconf 85' lang='lat' dir='ltr'>calcium</span> <span class='ocrx_word' id='word_1_228' title='bbox 1019 1404 1181 1435; x_wconf 89' lang='lat' dir='ltr'>motum</span> <span class='ocrx_word' id='word_1_229' title='bbox 1201 1399 1518 1439; x_wconf 79' lang='lat' dir='ltr'>vehementem:</span> <span class='ocrx_word' id='word_1_230' title='bbox 1534 1406 1578 1434; x_wconf 92' lang='lat' dir='ltr'>ut</span> <span class='ocrx_word' id='word_1_231' title='bbox 1594 1398 1707 1445; x_wconf 89' lang='lat' dir='ltr'>apud</span> <span class='ocrx_word' id='word_1_232' title='bbox 1724 1397 1965 1444; x_wconf 77' lang='lat' dir='ltr'>Vergilium</span> 
     </span>
     <span class='ocr_line' id='line_1_22' title="bbox 257 1451 1966 1498; baseline -0.003 -7"><span class='ocrx_word' id='word_1_233' title='bbox 257 1456 378 1492; x_wconf 74' lang='lat' dir='ltr'>turbo</span> <span class='ocrx_word' id='word_1_234' title='bbox 406 1462 469 1491; x_wconf 85' lang='lat' dir='ltr'>est</span> <span class='ocrx_word' id='word_1_235' title='bbox 495 1465 580 1491; x_wconf 93' lang='lat' dir='ltr'>non</span> <span class='ocrx_word' id='word_1_236' title='bbox 607 1455 747 1490; x_wconf 87' lang='lat' dir='ltr'>solum</span> <span class='ocrx_word' id='word_1_237' title='bbox 775 1453 888 1489; x_wconf 78' lang='lat' dir='ltr'>venti</span> <span class='ocrx_word' id='word_1_238' title='bbox 916 1452 992 1488; x_wconf 89' lang='lat' dir='ltr'>sed</span> <span class='ocrx_word' id='word_1_239' title='bbox 1020 1452 1148 1488; x_wconf 90' lang='lat' dir='ltr'>etiam</span> <span class='ocrx_word' id='word_1_240' title='bbox 1176 1452 1364 1488; x_wconf 73' lang='lat' dir='ltr'>fulminis</span> <span class='ocrx_word' id='word_1_241' title='bbox 1389 1452 1538 1489; x_wconf 85' lang='lat' dir='ltr'>hastae</span> <span class='ocrx_word' id='word_1_242' title='bbox 1563 1452 1759 1498; x_wconf 75' lang='lat' dir='ltr'>sagittae,</span> <span class='ocrx_word' id='word_1_243' title='bbox 1780 1451 1966 1497; x_wconf 88' lang='lat' dir='ltr'>denique</span> 
     </span>
     <span class='ocr_line' id='line_1_23' title="bbox 258 1505 1965 1553; baseline -0.003 -8"><span class='ocrx_word' id='word_1_244' title='bbox 258 1509 320 1545; x_wconf 90' lang='lat' dir='ltr'>rei</span> <span class='ocrx_word' id='word_1_245' title='bbox 348 1514 490 1545; x_wconf 88' lang='lat' dir='ltr'>motae</span> <span class='ocrx_word' id='word_1_246' title='bbox 519 1518 678 1553; x_wconf 67' lang='lat' dir='ltr'>magna</span> <span class='ocrx_word' id='word_1_247' title='bbox 705 1507 745 1542; x_wconf 82' lang='lat' dir='ltr'>vi</span> <span class='ocrx_word' id='word_1_248' title='bbox 775 1516 1022 1552; x_wconf 73' lang='lat' dir='ltr'>magnaque</span> <span class='ocrx_word' id='word_1_249' title='bbox 1050 1505 1279 1541; x_wconf 86' lang='lat' dir='ltr'>celeritate.</span> <span class='ocrx_word' id='word_1_250' title='bbox 1308 1505 1439 1551; x_wconf 70' lang='lat' dir='ltr'>Verg.</span> <span class='ocrx_word' id='word_1_251' title='bbox 1468 1506 1519 1541; x_wconf 76' lang='lat' dir='ltr'>A.</span> <span class='ocrx_word' id='word_1_252' title='bbox 1548 1505 1606 1541; x_wconf 66' lang='lat' dir='ltr'>VI</span> <span class='ocrx_word' id='word_1_253' title='bbox 1632 1505 1703 1541; x_wconf 72' lang='lat'>592</span> <span class='ocrx_word' id='word_1_254' title='bbox 1721 1515 1812 1551; x_wconf 87' lang='lat' dir='ltr'>sqq.</span> <span class='ocrx_word' id='word_1_255' title='bbox 1833 1505 1965 1541; x_wconf 89' lang='lat' dir='ltr'>telum</span> 
     </span>
     <span class='ocr_line' id='line_1_24' title="bbox 258 1557 1966 1608; baseline -0.004 -8"><span class='ocrx_word' id='word_1_256' title='bbox 258 1563 467 1599; x_wconf 78' lang='lat' dir='ltr'>contorsit</span> <span class='ocrx_word' id='word_1_257' title='bbox 575 1560 942 1608; x_wconf 82' lang='lat' dir='ltr'>praecipitemque</span> <span class='ocrx_word' id='word_1_258' title='bbox 971 1588 1001 1595; x_wconf 84' lang='lat'>..</span> <span class='ocrx_word' id='word_1_259' title='bbox 1029 1558 1193 1594; x_wconf 73' lang='lat' dir='ltr'>turbine</span> <span class='ocrx_word' id='word_1_260' title='bbox 1220 1558 1375 1603; x_wconf 63' lang='lat' dir='ltr'>adegit,</span> <span class='ocrx_word' id='word_1_261' title='bbox 1402 1558 1460 1594; x_wconf 86' lang='lat' dir='ltr'>XI</span> <span class='ocrx_word' id='word_1_262' title='bbox 1486 1559 1556 1595; x_wconf 69' lang='lat'>284</span> <span class='ocrx_word' id='word_1_263' title='bbox 1584 1569 1667 1605; x_wconf 89' lang='lat' dir='ltr'>quo</span> <span class='ocrx_word' id='word_1_264' title='bbox 1696 1557 1858 1594; x_wconf 72' lang='lat' dir='ltr'>turbine</span> <span class='ocrx_word' id='word_1_265' title='bbox 1885 1562 1966 1593; x_wconf 92' lang='lat' dir='ltr'>tor-</span> 
     </span>
     <span class='ocr_line' id='line_1_25' title="bbox 261 1610 1964 1663; baseline -0.003 -11"><span class='ocrx_word' id='word_1_266' title='bbox 261 1621 388 1663; x_wconf 85' lang='lat' dir='ltr'>queat</span> <span class='ocrx_word' id='word_1_267' title='bbox 418 1616 598 1660; x_wconf 75' lang='lat' dir='ltr'>hastam,</span> <span class='ocrx_word' id='word_1_268' title='bbox 630 1614 709 1650; x_wconf 89' lang='lat' dir='ltr'>XII</span> <span class='ocrx_word' id='word_1_269' title='bbox 741 1613 811 1649; x_wconf 79' lang='lat'>320</span> <span class='ocrx_word' id='word_1_270' title='bbox 845 1613 1002 1659; x_wconf 77' lang='lat' dir='ltr'>sagitta</span> <span class='ocrx_word' id='word_1_271' title='bbox 1036 1613 1245 1648; x_wconf 89' lang='lat' dir='ltr'>incertum</span> <span class='ocrx_word' id='word_1_272' title='bbox 1282 1622 1366 1659; x_wconf 90' lang='lat' dir='ltr'>quo</span> <span class='ocrx_word' id='word_1_273' title='bbox 1399 1612 1563 1648; x_wconf 71' lang='lat' dir='ltr'>turbine</span> <span class='ocrx_word' id='word_1_274' title='bbox 1596 1612 1759 1651; x_wconf 76' lang='lat' dir='ltr'>adacta,</span> <span class='ocrx_word' id='word_1_275' title='bbox 1793 1611 1872 1647; x_wconf 84' lang='lat' dir='ltr'>XII</span> <span class='ocrx_word' id='word_1_276' title='bbox 1897 1610 1964 1647; x_wconf 80' lang='lat'>531</span> 
     </span>
     <span class='ocr_line' id='line_1_26' title="bbox 259 1665 1965 1717; baseline -0.004 -11"><span class='ocrx_word' id='word_1_277' title='bbox 259 1669 539 1717; x_wconf 87' lang='lat' dir='ltr'>praecipitem</span> <span class='ocrx_word' id='word_1_278' title='bbox 572 1667 759 1713; x_wconf 68' lang='lat' dir='ltr'>ingentis</span> <span class='ocrx_word' id='word_1_279' title='bbox 786 1665 950 1702; x_wconf 63' lang='lat' dir='ltr'>turbine</span> <span class='ocrx_word' id='word_1_280' title='bbox 975 1666 1065 1701; x_wconf 81' lang='lat' dir='ltr'>saxi</span> <span class='ocrx_word' id='word_1_281' title='bbox 1094 1665 1260 1709; x_wconf 70' lang='lat' dir='ltr'>excutit,</span> <span class='ocrx_word' id='word_1_282' title='bbox 1288 1686 1333 1690; x_wconf 84' lang='lat'>—-</span> <span class='ocrx_word' id='word_1_283' title='bbox 1360 1666 1405 1700; x_wconf 82' lang='grc'>16</span> <span class='ocrx_word' id='word_1_284' title='bbox 1431 1676 1492 1712; x_wconf 90' lang='lat' dir='ltr'>sq.</span> <span class='ocrx_word' id='word_1_285' title='bbox 1509 1665 1750 1711; x_wconf 76' lang='lat' dir='ltr'>faciemque</span> <span class='ocrx_word' id='word_1_286' title='bbox 1777 1667 1815 1701; x_wconf 88' lang='lat' dir='ltr'>et</span> <span class='ocrx_word' id='word_1_287' title='bbox 1839 1666 1965 1710; x_wconf 78' lang='lat' dir='ltr'>capnt</span> 
     </span>
     <span class='ocr_line' id='line_1_27' title="bbox 260 1717 1967 1767; baseline -0.003 -8"><span class='ocrx_word' id='word_1_288' title='bbox 260 1724 423 1759; x_wconf 77' lang='lat' dir='ltr'>laesmn</span> <span class='ocrx_word' id='word_1_289' title='bbox 456 1733 499 1758; x_wconf 77' lang='lat' dir='ltr'>se</span> <span class='ocrx_word' id='word_1_290' title='bbox 530 1721 660 1758; x_wconf 77' lang='lat' dir='ltr'>sensit</span> <span class='ocrx_word' id='word_1_291' title='bbox 690 1720 842 1767; x_wconf 80' lang='lat' dir='ltr'>scripsi</span> <span class='ocrx_word' id='word_1_292' title='bbox 866 1731 871 1755; x_wconf 91' lang='lat'>:</span> <span class='ocrx_word' id='word_1_293' title='bbox 895 1718 1093 1755; x_wconf 71' lang='lat' dir='ltr'>intellexit</span> <span class='ocrx_word' id='word_1_294' title='bbox 1123 1721 1251 1764; x_wconf 75' lang='lat' dir='ltr'>capnt</span> <span class='ocrx_word' id='word_1_295' title='bbox 1283 1721 1321 1754; x_wconf 83' lang='lat' dir='ltr'>et</span> <span class='ocrx_word' id='word_1_296' title='bbox 1341 1718 1501 1764; x_wconf 72' lang='lat' dir='ltr'>fizciem</span> <span class='ocrx_word' id='word_1_297' title='bbox 1535 1721 1573 1754; x_wconf 82' lang='lat' dir='ltr'>et</span> <span class='ocrx_word' id='word_1_298' title='bbox 1603 1729 1648 1754; x_wconf 79' lang='lat' dir='ltr'>se</span> <span class='ocrx_word' id='word_1_299' title='bbox 1673 1718 1814 1764; x_wconf 78' lang='lat' dir='ltr'>t&#39;psmn</span> <span class='ocrx_word' id='word_1_300' title='bbox 1841 1717 1967 1754; x_wconf 79' lang='lat' dir='ltr'>valde</span> 
     </span>
     <span class='ocr_line' id='line_1_28' title="bbox 260 1771 1966 1819; baseline -0.004 -7"><span class='ocrx_word' id='word_1_301' title='bbox 260 1777 394 1812; x_wconf 74' lang='lat' dir='ltr'>lesum</span> <span class='ocrx_word' id='word_1_302' title='bbox 429 1776 621 1819; x_wconf 62' lang='lat' dir='ltr'>(laesmnl</span> <span class='ocrx_word' id='word_1_303' title='bbox 650 1785 723 1810; x_wconf 85' lang='lat' dir='ltr'>wr.</span> <span class='ocrx_word' id='word_1_304' title='bbox 752 1773 915 1810; x_wconf 88' lang='lat' dir='ltr'>scilicet</span> <span class='ocrx_word' id='word_1_305' title='bbox 943 1772 1235 1808; x_wconf 82' lang='lat' dir='ltr'>diasceuastes</span> <span class='ocrx_word' id='word_1_306' title='bbox 1263 1772 1332 1808; x_wconf 91' lang='lat' dir='ltr'>ille</span> <span class='ocrx_word' id='word_1_307' title='bbox 1359 1782 1444 1807; x_wconf 91' lang='lat' dir='ltr'>non</span> <span class='ocrx_word' id='word_1_308' title='bbox 1472 1771 1761 1818; x_wconf 72' lang='lat' dir='ltr'>perspiciebat</span> <span class='ocrx_word' id='word_1_309' title='bbox 1786 1771 1874 1807; x_wconf 79' lang='lat' dir='ltr'>vim</span> <span class='ocrx_word' id='word_1_310' title='bbox 1902 1781 1966 1806; x_wconf 83' lang='lat' dir='ltr'>ra-</span> 
     </span>
     <span class='ocr_line' id='line_1_29' title="bbox 261 1824 1968 1876; baseline -0.004 -10"><span class='ocrx_word' id='word_1_311' title='bbox 261 1831 508 1876; x_wconf 86' lang='lat' dir='ltr'>tionemque</span> <span class='ocrx_word' id='word_1_312' title='bbox 529 1828 875 1864; x_wconf 80' lang='lat' dir='ltr'>accusativorum</span> <span class='ocrx_word' id='word_1_313' title='bbox 888 1825 1130 1871; x_wconf 62' lang='lat' dir='ltr'>faciemque</span> <span class='ocrx_word' id='word_1_314' title='bbox 1148 1828 1185 1861; x_wconf 84' lang='lat' dir='ltr'>et</span> <span class='ocrx_word' id='word_1_315' title='bbox 1203 1828 1342 1871; x_wconf 78' lang='lat' dir='ltr'>capnt.</span> <span class='ocrx_word' id='word_1_316' title='bbox 1362 1847 1405 1849; x_wconf 96' lang='lat'><strong>—</strong></span> <span class='ocrx_word' id='word_1_317' title='bbox 1424 1827 1483 1862; x_wconf 79' lang='lat'>17.</span> <span class='ocrx_word' id='word_1_318' title='bbox 1503 1825 1657 1861; x_wconf 57' lang='lat' dir='ltr'>delrisse</span> <span class='ocrx_word' id='word_1_319' title='bbox 1674 1824 1794 1860; x_wconf 76' lang='lat' dir='ltr'><em>illum</em></span> <span class='ocrx_word' id='word_1_320' title='bbox 1803 1824 1968 1870; x_wconf 70' lang='lat' dir='ltr'>serunt.</span> 
     </span>
     <span class='ocr_line' id='line_1_30' title="bbox 260 1876 1965 1930; baseline -0.004 -10"><span class='ocrx_word' id='word_1_321' title='bbox 260 1884 413 1930; x_wconf 79' lang='lat' dir='ltr'>scripsi</span> <span class='ocrx_word' id='word_1_322' title='bbox 452 1882 576 1919; x_wconf 87' lang='lat' dir='ltr'>metri</span> <span class='ocrx_word' id='word_1_323' title='bbox 609 1891 750 1922; x_wconf 73' lang='lat' dir='ltr'>causa,</span> <span class='ocrx_word' id='word_1_324' title='bbox 786 1886 829 1916; x_wconf 92' lang='lat' dir='ltr'>ut</span> <span class='ocrx_word' id='word_1_325' title='bbox 856 1880 935 1915; x_wconf 91' lang='lat' dir='ltr'>rite</span> <span class='ocrx_word' id='word_1_326' title='bbox 963 1880 1096 1914; x_wconf 82' lang='lat' dir='ltr'>exiret</span> <span class='ocrx_word' id='word_1_327' title='bbox 1130 1878 1680 1923; x_wconf 63' lang='lat' dir='ltr'>senarius:dixtssefi’rtur</span> <span class='ocrx_word' id='word_1_328' title='bbox 1705 1880 1823 1914; x_wconf 79' lang='lat' dir='ltr'>wzet</span> <span class='ocrx_word' id='word_1_329' title='bbox 1848 1876 1907 1913; x_wconf 80' lang='lat' dir='ltr'>m&#39;t</span> <span class='ocrx_word' id='word_1_330' title='bbox 1933 1887 1965 1913; x_wconf 89' lang='lat' dir='ltr'>r.</span> 
     </span>
    </p>
   </div>
   <div class='ocr_carea' id='block_1_5' title="bbox 261 1930 1967 2086">
    <p class='ocr_par' dir='ltr' id='par_1_5' title="bbox 261 1930 1967 2086">
     <span class='ocr_line' id='line_1_31' title="bbox 264 1930 1962 1976; baseline -0.005 -3"><span class='ocrx_word' id='word_1_331' title='bbox 264 1959 304 1963; x_wconf 87' lang='lat'>——</span> <span class='ocrx_word' id='word_1_332' title='bbox 332 1939 390 1973; x_wconf 83' lang='lat'>19.</span> <span class='ocrx_word' id='word_1_333' title='bbox 417 1935 549 1972; x_wconf 71' lang='lat' dir='ltr'>hostis</span> <span class='ocrx_word' id='word_1_334' title='bbox 574 1946 614 1970; x_wconf 80' lang='lat' dir='ltr'>w</span> <span class='ocrx_word' id='word_1_335' title='bbox 629 1937 641 1955; x_wconf 77' lang='lat'>2</span> <span class='ocrx_word' id='word_1_336' title='bbox 658 1946 663 1970; x_wconf 87' lang='lat'><strong>:</strong></span> <span class='ocrx_word' id='word_1_337' title='bbox 681 1932 793 1969; x_wconf 75' lang='lat' dir='ltr'>hosti</span> <span class='ocrx_word' id='word_1_338' title='bbox 816 1943 855 1968; x_wconf 87' lang='lat' dir='ltr'>w</span> <span class='ocrx_word' id='word_1_339' title='bbox 874 1935 895 1967; x_wconf 90' lang='lat'>¹.</span> <span class='ocrx_word' id='word_1_340' title='bbox 927 1953 966 1956; x_wconf 86' lang='lat'>—</span> <span class='ocrx_word' id='word_1_341' title='bbox 996 1933 1058 1967; x_wconf 78' lang='lat'>20.</span> <span class='ocrx_word' id='word_1_342' title='bbox 1087 1934 1133 1967; x_wconf 76' lang='lat' dir='ltr'>ut</span> <span class='ocrx_word' id='word_1_343' title='bbox 1158 1931 1343 1968; x_wconf 76' lang='lat' dir='ltr'>medicus</span> <span class='ocrx_word' id='word_1_344' title='bbox 1364 1962 1369 1967; x_wconf 94' lang='lat'>.</span> <span class='ocrx_word' id='word_1_345' title='bbox 1389 1961 1394 1967; x_wconf 96' lang='lat'>.</span> <span class='ocrx_word' id='word_1_346' title='bbox 1415 1932 1473 1967; x_wconf 80' lang='lat' dir='ltr'>ad</span> <span class='ocrx_word' id='word_1_347' title='bbox 1488 1932 1607 1967; x_wconf 73' lang='lat' dir='ltr'><em>illum</em></span> <span class='ocrx_word' id='word_1_348' title='bbox 1627 1931 1816 1968; x_wconf 73' lang='lat' dir='ltr'>assedere</span> <span class='ocrx_word' id='word_1_349' title='bbox 1834 1930 1962 1976; x_wconf 86' lang='lat' dir='ltr'>scrip-</span> 
     </span>
     <span class='ocr_line' id='line_1_32' title="bbox 261 1982 1967 2027; baseline -0.005 0"><span class='ocrx_word' id='word_1_350' title='bbox 261 1992 297 2027; x_wconf 84' lang='lat' dir='ltr'>si</span> <span class='ocrx_word' id='word_1_351' title='bbox 316 1993 374 2027; x_wconf 84' lang='lat' dir='ltr'>:et</span> <span class='ocrx_word' id='word_1_352' title='bbox 400 1989 549 2026; x_wconf 69' lang='lat' dir='ltr'>melius</span> <span class='ocrx_word' id='word_1_353' title='bbox 575 1987 637 2023; x_wconf 78' lang='lat' dir='ltr'><em>illi</em></span> <span class='ocrx_word' id='word_1_354' title='bbox 661 1986 842 2023; x_wconf 72' lang='lat' dir='ltr'>accidere</span> <span class='ocrx_word' id='word_1_355' title='bbox 868 1996 907 2021; x_wconf 78' lang='lat' dir='ltr'>w</span> <span class='ocrx_word' id='word_1_356' title='bbox 926 1987 936 2006; x_wconf 79' lang='lat'><em>¹</em></span> <span class='ocrx_word' id='word_1_357' title='bbox 955 1987 1015 2021; x_wconf 86' lang='lat' dir='ltr'>:el</span> <span class='ocrx_word' id='word_1_358' title='bbox 1043 1984 1227 2020; x_wconf 69' lang='lat' dir='ltr'>medicas</span> <span class='ocrx_word' id='word_1_359' title='bbox 1253 1984 1315 2020; x_wconf 74' lang='lat' dir='ltr'><em>illi</em></span> <span class='ocrx_word' id='word_1_360' title='bbox 1338 1985 1527 2021; x_wconf 70' lang='lat' dir='ltr'>accedere</span> <span class='ocrx_word' id='word_1_361' title='bbox 1553 1996 1591 2021; x_wconf 84' lang='lat' dir='ltr'><strong>w</strong></span> <span class='ocrx_word' id='word_1_362' title='bbox 1606 1987 1618 2006; x_wconf 73' lang='lat'>‘2</span> <span class='ocrx_word' id='word_1_363' title='bbox 1636 1996 1641 2020; x_wconf 83' lang='lat' dir='ltr'>z</span> <span class='ocrx_word' id='word_1_364' title='bbox 1660 1987 1705 2020; x_wconf 75' lang='lat' dir='ltr'>ut</span> <span class='ocrx_word' id='word_1_365' title='bbox 1733 2015 1738 2020; x_wconf 95' lang='lat'>.</span> <span class='ocrx_word' id='word_1_366' title='bbox 1757 2014 1762 2020; x_wconf 96' lang='lat'>.</span> <span class='ocrx_word' id='word_1_367' title='bbox 1783 1982 1967 2020; x_wconf 74' lang='lat' dir='ltr'>medicus</span> 
     </span>
     <span class='ocr_line' id='line_1_33' title="bbox 264 2037 1386 2086; baseline -0.006 -4"><span class='ocrx_word' id='word_1_368' title='bbox 264 2076 270 2082; x_wconf 95' lang='lat'>.</span> <span class='ocrx_word' id='word_1_369' title='bbox 301 2043 456 2081; x_wconf 62' lang='lat' dir='ltr'>(recessi</span> <span class='ocrx_word' id='word_1_370' title='bbox 479 2042 522 2078; x_wconf 81' lang='lat' dir='ltr'>F.</span> <span class='ocrx_word' id='word_1_371' title='bbox 551 2063 593 2067; x_wconf 90' lang='lat'>—</span> <span class='ocrx_word' id='word_1_372' title='bbox 622 2042 666 2076; x_wconf 83' lang='grc'>21</span> <span class='ocrx_word' id='word_1_373' title='bbox 693 2051 751 2084; x_wconf 90' lang='lat' dir='ltr'>sq.</span> <span class='ocrx_word' id='word_1_374' title='bbox 780 2038 1064 2086; x_wconf 77' lang='lat' dir='ltr'>epimythium</span> <span class='ocrx_word' id='word_1_375' title='bbox 1093 2037 1237 2074; x_wconf 83' lang='lat' dir='ltr'>addidi</span> <span class='ocrx_word' id='word_1_376' title='bbox 1265 2049 1315 2074; x_wconf 80' lang='lat' dir='ltr'>ex</span> <span class='ocrx_word' id='word_1_377' title='bbox 1342 2038 1386 2075; x_wconf 82' lang='grc' dir='ltr'>Β.</span> 
     </span>
    </p>
   </div>
   <div class='ocr_carea' id='block_1_6' title="bbox 264 2092 1977 2934">
    <p class='ocr_par' dir='ltr' id='par_1_6' title="bbox 264 2092 1974 2567">
     <span class='ocr_line' id='line_1_34' title="bbox 381 2092 1969 2141; baseline -0.004 -8"><span class='ocrx_word' id='word_1_378' title='bbox 381 2097 597 2133; x_wconf 85' lang='lat' dir='ltr'>Metrum</span> <span class='ocrx_word' id='word_1_379' title='bbox 639 2094 915 2141; x_wconf 90' lang='lat' dir='ltr'>pristinum</span> <span class='ocrx_word' id='word_1_380' title='bbox 955 2092 997 2127; x_wconf 91' lang='lat' dir='ltr'>in</span> <span class='ocrx_word' id='word_1_381' title='bbox 1037 2102 1076 2128; x_wconf 79' lang='lat' dir='ltr'>w</span> <span class='ocrx_word' id='word_1_382' title='bbox 1110 2102 1193 2127; x_wconf 87' lang='lat' dir='ltr'>non</span> <span class='ocrx_word' id='word_1_383' title='bbox 1235 2097 1370 2128; x_wconf 90' lang='lat' dir='ltr'>totum</span> <span class='ocrx_word' id='word_1_384' title='bbox 1398 2092 1455 2128; x_wconf 88' lang='lat' dir='ltr'>ita</span> <span class='ocrx_word' id='word_1_385' title='bbox 1489 2093 1674 2128; x_wconf 87' lang='lat' dir='ltr'>solutum</span> <span class='ocrx_word' id='word_1_386' title='bbox 1710 2098 1773 2127; x_wconf 87' lang='lat' dir='ltr'>est</span> <span class='ocrx_word' id='word_1_387' title='bbox 1806 2096 1850 2126; x_wconf 92' lang='lat' dir='ltr'>ut</span> <span class='ocrx_word' id='word_1_388' title='bbox 1883 2100 1969 2126; x_wconf 91' lang='lat' dir='ltr'>non</span> 
     </span>
     <span class='ocr_line' id='line_1_35' title="bbox 265 2143 1970 2194; baseline -0.005 -6"><span class='ocrx_word' id='word_1_389' title='bbox 265 2156 466 2189; x_wconf 84' lang='lat' dir='ltr'>maneant</span> <span class='ocrx_word' id='word_1_390' title='bbox 500 2154 616 2185; x_wconf 89' lang='lat' dir='ltr'>certa</span> <span class='ocrx_word' id='word_1_391' title='bbox 644 2147 850 2194; x_wconf 76' lang='lat' dir='ltr'>pristinae</span> <span class='ocrx_word' id='word_1_392' title='bbox 878 2144 1207 2181; x_wconf 80' lang='lat' dir='ltr'>versificationis</span> <span class='ocrx_word' id='word_1_393' title='bbox 1235 2145 1430 2191; x_wconf 74' lang='lat' dir='ltr'>vestigia,</span> <span class='ocrx_word' id='word_1_394' title='bbox 1458 2145 1601 2192; x_wconf 89' lang='lat' dir='ltr'>itaque</span> <span class='ocrx_word' id='word_1_395' title='bbox 1628 2150 1725 2181; x_wconf 87' lang='lat' dir='ltr'>sunt</span> <span class='ocrx_word' id='word_1_396' title='bbox 1753 2145 1794 2180; x_wconf 91' lang='lat' dir='ltr'>in</span> <span class='ocrx_word' id='word_1_397' title='bbox 1821 2155 1860 2180; x_wconf 79' lang='lat' dir='ltr'>w</span> <span class='ocrx_word' id='word_1_398' title='bbox 1887 2143 1970 2179; x_wconf 82' lang='lat' dir='ltr'>hae</span> 
     </span>
     <span class='ocr_line' id='line_1_36' title="bbox 264 2197 1971 2246; baseline -0.006 -4"><span class='ocrx_word' id='word_1_399' title='bbox 264 2205 445 2246; x_wconf 78' lang='lat' dir='ltr'>laciniae</span> <span class='ocrx_word' id='word_1_400' title='bbox 473 2202 596 2239; x_wconf 91' lang='lat' dir='ltr'>metri</span> <span class='ocrx_word' id='word_1_401' title='bbox 616 2200 807 2237; x_wconf 77' lang='lat' dir='ltr'>iambici:</span> <span class='ocrx_word' id='word_1_402' title='bbox 827 2199 850 2234; x_wconf 90' lang='lat'>3</span> <span class='ocrx_word' id='word_1_403' title='bbox 872 2198 1040 2244; x_wconf 77' lang='lat' dir='ltr'>qutmn</span> <span class='ocrx_word' id='word_1_404' title='bbox 1058 2200 1298 2244; x_wconf 78' lang='lat' dir='ltr'>pascentem</span> <span class='ocrx_word' id='word_1_405' title='bbox 1321 2199 1352 2229; x_wconf 98' lang='lat' dir='ltr'><em>L</em></span> <span class='ocrx_word' id='word_1_406' title='bbox 1377 2221 1400 2232; x_wconf 59' lang='lat' dir='ltr'>o</span> <span class='ocrx_word' id='word_1_407' title='bbox 1425 2199 1452 2228; x_wconf 82' lang='lat' dir='ltr'><em>L</em></span> <span class='ocrx_word' id='word_1_408' title='bbox 1480 2220 1501 2224; x_wconf 84' lang='lat'><em>-</em></span> <span class='ocrx_word' id='word_1_409' title='bbox 1524 2199 1555 2228; x_wconf 89' lang='lat' dir='ltr'><em>L</em></span> <span class='ocrx_word' id='word_1_410' title='bbox 1581 2223 1604 2234; x_wconf 56' lang='lat' dir='ltr'>o</span> <span class='ocrx_word' id='word_1_411' title='bbox 1628 2220 1665 2235; x_wconf 84' lang='lat'>-.</span> <span class='ocrx_word' id='word_1_412' title='bbox 1685 2198 1707 2233; x_wconf 73' lang='lat'>4</span> <span class='ocrx_word' id='word_1_413' title='bbox 1728 2197 1853 2233; x_wconf 79' lang='lat' dir='ltr'>Hunc</span> <span class='ocrx_word' id='word_1_414' title='bbox 1872 2206 1971 2232; x_wconf 72' lang='lat' dir='ltr'>vero</span> 
     </span>
     <span class='ocr_line' id='line_1_37' title="bbox 264 2249 1972 2297; baseline -0.002 -9"><span class='ocrx_word' id='word_1_415' title='bbox 264 2262 311 2295; x_wconf 69' lang='lat' dir='ltr'>nt</span> <span class='ocrx_word' id='word_1_416' title='bbox 338 2258 438 2295; x_wconf 64' lang='lat' dir='ltr'>vjdjt</span> <span class='ocrx_word' id='word_1_417' title='bbox 467 2258 493 2287; x_wconf 60' lang='lat' dir='ltr'><em>A</em></span> <span class='ocrx_word' id='word_1_418' title='bbox 523 2279 546 2290; x_wconf 41' lang='lat' dir='ltr'>c,</span> <span class='ocrx_word' id='word_1_419' title='bbox 568 2257 600 2286; x_wconf 67' lang='lat' dir='ltr'><em>L</em></span> <span class='ocrx_word' id='word_1_420' title='bbox 625 2277 646 2280; x_wconf 85' lang='lat'><em>-</em></span> <span class='ocrx_word' id='word_1_421' title='bbox 672 2254 703 2284; x_wconf 93' lang='lat' dir='ltr'><em>L</em></span> <span class='ocrx_word' id='word_1_422' title='bbox 727 2277 750 2288; x_wconf 59' lang='lat' dir='ltr'>o</span> <span class='ocrx_word' id='word_1_423' title='bbox 776 2276 813 2293; x_wconf 68' lang='lat'>-,</span> <span class='ocrx_word' id='word_1_424' title='bbox 840 2252 862 2287; x_wconf 88' lang='lat'><strong>7</strong></span> <span class='ocrx_word' id='word_1_425' title='bbox 888 2251 984 2287; x_wconf 71' lang='lat' dir='ltr'>Non</span> <span class='ocrx_word' id='word_1_426' title='bbox 1011 2250 1251 2297; x_wconf 68' lang='lat' dir='ltr'>repudiavit</span> <span class='ocrx_word' id='word_1_427' title='bbox 1272 2251 1304 2281; x_wconf 87' lang='lat' dir='ltr'><em>L</em></span> <span class='ocrx_word' id='word_1_428' title='bbox 1328 2274 1350 2285; x_wconf 55' lang='grc' dir='ltr'>ψ</span> <span class='ocrx_word' id='word_1_429' title='bbox 1373 2250 1560 2297; x_wconf 70' lang='lat' dir='ltr'>officinm</span> <span class='ocrx_word' id='word_1_430' title='bbox 1580 2254 1734 2292; x_wconf 78' lang='lat' dir='ltr'>tamen,</span> <span class='ocrx_word' id='word_1_431' title='bbox 1751 2251 1775 2287; x_wconf 80' lang='lat'><em>8</em></span> <span class='ocrx_word' id='word_1_432' title='bbox 1794 2249 1972 2286; x_wconf 75' lang='lat' dir='ltr'>Mentem</span> 
     </span>
     <span class='ocr_line' id='line_1_38' title="bbox 264 2303 1973 2354; baseline -0.006 -6"><span class='ocrx_word' id='word_1_433' title='bbox 264 2312 323 2348; x_wconf 80' lang='lat' dir='ltr'>ad</span> <span class='ocrx_word' id='word_1_434' title='bbox 339 2312 474 2347; x_wconf 74' lang='lat' dir='ltr'>locum</span> <span class='ocrx_word' id='word_1_435' title='bbox 494 2306 703 2354; x_wconf 69' lang='lat' dir='ltr'>qnaesivit</span> <span class='ocrx_word' id='word_1_436' title='bbox 721 2308 866 2342; x_wconf 72' lang='lat' dir='ltr'>contra</span> <span class='ocrx_word' id='word_1_437' title='bbox 889 2307 920 2336; x_wconf 89' lang='lat' dir='ltr'><em>L</em></span> <span class='ocrx_word' id='word_1_438' title='bbox 945 2328 968 2340; x_wconf 58' lang='lat' dir='ltr'>o</span> <span class='ocrx_word' id='word_1_439' title='bbox 992 2326 1029 2345; x_wconf 76' lang='grc'>-,</span> <span class='ocrx_word' id='word_1_440' title='bbox 1054 2303 1094 2339; x_wconf 83' lang='lat'>12</span> <span class='ocrx_word' id='word_1_441' title='bbox 1115 2303 1297 2349; x_wconf 65' lang='lat' dir='ltr'>Stirpem</span> <span class='ocrx_word' id='word_1_442' title='bbox 1316 2304 1488 2345; x_wconf 71' lang='lat' dir='ltr'>calcavi,</span> <span class='ocrx_word' id='word_1_443' title='bbox 1508 2304 1636 2340; x_wconf 72' lang='lat' dir='ltr'>libera</span> <span class='ocrx_word' id='word_1_444' title='bbox 1660 2326 1681 2330; x_wconf 95' lang='lat'>-</span> <span class='ocrx_word' id='word_1_445' title='bbox 1706 2305 1736 2334; x_wconf 88' lang='lat' dir='ltr'><em>L</em></span> <span class='ocrx_word' id='word_1_446' title='bbox 1761 2326 1784 2337; x_wconf 51' lang='grc' dir='ltr'><strong>υ</strong></span> <span class='ocrx_word' id='word_1_447' title='bbox 1808 2325 1845 2340; x_wconf 86' lang='grc'>-.</span> <span class='ocrx_word' id='word_1_448' title='bbox 1866 2307 1973 2338; x_wconf 81' lang='lat' dir='ltr'>cete-</span> 
     </span>
     <span class='ocr_line' id='line_1_39' title="bbox 266 2354 1973 2411; baseline -0.006 -9"><span class='ocrx_word' id='word_1_449' title='bbox 266 2375 414 2411; x_wconf 76' lang='lat' dir='ltr'>raque,</span> <span class='ocrx_word' id='word_1_450' title='bbox 442 2362 557 2410; x_wconf 90' lang='lat' dir='ltr'>quod</span> <span class='ocrx_word' id='word_1_451' title='bbox 585 2372 635 2397; x_wconf 81' lang='lat' dir='ltr'>ex</span> <span class='ocrx_word' id='word_1_452' title='bbox 663 2359 916 2396; x_wconf 86' lang='lat' dir='ltr'>recensione</span> <span class='ocrx_word' id='word_1_453' title='bbox 944 2368 1040 2393; x_wconf 87' lang='lat' dir='ltr'>mea</span> <span class='ocrx_word' id='word_1_454' title='bbox 1068 2367 1165 2392; x_wconf 89' lang='lat' dir='ltr'>cum</span> <span class='ocrx_word' id='word_1_455' title='bbox 1193 2357 1337 2393; x_wconf 79' lang='lat' dir='ltr'>fabula</span> <span class='ocrx_word' id='word_1_456' title='bbox 1364 2358 1561 2404; x_wconf 87' lang='lat' dir='ltr'>prosaria</span> <span class='ocrx_word' id='word_1_457' title='bbox 1589 2362 1840 2403; x_wconf 82' lang='lat' dir='ltr'>comparata</span> <span class='ocrx_word' id='word_1_458' title='bbox 1858 2354 1973 2391; x_wconf 80' lang='lat' dir='ltr'>vide-</span> 
     </span>
     <span class='ocr_line' id='line_1_40' title="bbox 265 2410 1973 2459; baseline -0.006 -4"><span class='ocrx_word' id='word_1_459' title='bbox 265 2429 373 2459; x_wconf 76' lang='lat' dir='ltr'>mus,</span> <span class='ocrx_word' id='word_1_460' title='bbox 400 2417 527 2453; x_wconf 75' lang='lat' dir='ltr'>facile</span> <span class='ocrx_word' id='word_1_461' title='bbox 560 2419 832 2455; x_wconf 76' lang='lat' dir='ltr'>revocantur,</span> <span class='ocrx_word' id='word_1_462' title='bbox 860 2411 987 2447; x_wconf 90' lang='lat' dir='ltr'>simul</span> <span class='ocrx_word' id='word_1_463' title='bbox 1023 2416 1149 2457; x_wconf 82' lang='lat' dir='ltr'>atque</span> <span class='ocrx_word' id='word_1_464' title='bbox 1177 2411 1315 2446; x_wconf 87' lang='lat' dir='ltr'>oratio</span> <span class='ocrx_word' id='word_1_465' title='bbox 1345 2410 1397 2446; x_wconf 86' lang='lat' dir='ltr'>ad</span> <span class='ocrx_word' id='word_1_466' title='bbox 1425 2410 1621 2447; x_wconf 82' lang='lat' dir='ltr'>ordinem</span> <span class='ocrx_word' id='word_1_467' title='bbox 1650 2410 1855 2456; x_wconf 86' lang='lat' dir='ltr'>pristinae</span> <span class='ocrx_word' id='word_1_468' title='bbox 1881 2418 1973 2444; x_wconf 84' lang='lat' dir='ltr'>ver-</span> 
     </span>
     <span class='ocr_line' id='line_1_41' title="bbox 265 2463 1974 2510; baseline -0.006 -2"><span class='ocrx_word' id='word_1_469' title='bbox 265 2471 516 2508; x_wconf 85' lang='lat' dir='ltr'>sificationis</span> <span class='ocrx_word' id='word_1_470' title='bbox 554 2468 740 2504; x_wconf 86' lang='lat' dir='ltr'>adducta</span> <span class='ocrx_word' id='word_1_471' title='bbox 775 2471 838 2501; x_wconf 80' lang='lat' dir='ltr'>est</span> <span class='ocrx_word' id='word_1_472' title='bbox 871 2470 911 2500; x_wconf 91' lang='lat' dir='ltr'>et</span> <span class='ocrx_word' id='word_1_473' title='bbox 944 2470 1136 2500; x_wconf 86' lang='lat' dir='ltr'>remotae</span> <span class='ocrx_word' id='word_1_474' title='bbox 1171 2470 1268 2500; x_wconf 89' lang='lat' dir='ltr'>sunt</span> <span class='ocrx_word' id='word_1_475' title='bbox 1301 2464 1453 2501; x_wconf 87' lang='lat' dir='ltr'>sordes</span> <span class='ocrx_word' id='word_1_476' title='bbox 1481 2463 1836 2510; x_wconf 76' lang='lat' dir='ltr'>interpolationis,</span> <span class='ocrx_word' id='word_1_477' title='bbox 1864 2472 1974 2508; x_wconf 90' lang='lat' dir='ltr'>quae</span> 
     </span>
     <span class='ocr_line' id='line_1_42' title="bbox 267 2517 1136 2567; baseline -0.012 -5"><span class='ocrx_word' id='word_1_478' title='bbox 267 2526 384 2562; x_wconf 89' lang='lat' dir='ltr'>nullo</span> <span class='ocrx_word' id='word_1_479' title='bbox 412 2523 588 2567; x_wconf 62' lang='lat' dir='ltr'>negotio</span> <span class='ocrx_word' id='word_1_480' title='bbox 619 2521 933 2566; x_wconf 67' lang='lat' dir='ltr'>dignoscuntur</span> <span class='ocrx_word' id='word_1_481' title='bbox 961 2529 985 2553; x_wconf 82' lang='lat' dir='ltr'>a</span> <span class='ocrx_word' id='word_1_482' title='bbox 1010 2517 1136 2553; x_wconf 81' lang='lat' dir='ltr'>veris.</span> 
     </span>
    </p>

    <p class='ocr_par' dir='ltr' id='par_1_7' title="bbox 266 2568 1977 2934">
     <span class='ocr_line' id='line_1_43' title="bbox 365 2568 1973 2622; baseline -0.007 -8"><span class='ocrx_word' id='word_1_483' title='bbox 365 2568 529 2622; x_wconf 71' lang='lat' dir='ltr'>Quibus</span> <span class='ocrx_word' id='word_1_484' title='bbox 565 2573 745 2611; x_wconf 83' lang='lat' dir='ltr'>detersis</span> <span class='ocrx_word' id='word_1_485' title='bbox 773 2571 973 2607; x_wconf 85' lang='lat' dir='ltr'>sordibus</span> <span class='ocrx_word' id='word_1_486' title='bbox 1001 2571 1141 2617; x_wconf 79' lang='lat' dir='ltr'>magis</span> <span class='ocrx_word' id='word_1_487' title='bbox 1171 2576 1350 2617; x_wconf 85' lang='lat' dir='ltr'>apparet</span> <span class='ocrx_word' id='word_1_488' title='bbox 1380 2571 1512 2607; x_wconf 88' lang='lat' dir='ltr'>multa</span> <span class='ocrx_word' id='word_1_489' title='bbox 1539 2570 1799 2606; x_wconf 89' lang='lat' dir='ltr'>sermonis</span> <span class='ocrx_word' id='word_1_490' title='bbox 1825 2568 1891 2604; x_wconf 87' lang='lat' dir='ltr'>Ph</span> <span class='ocrx_word' id='word_1_491' title='bbox 1903 2580 1925 2604; x_wconf 85' lang='lat' dir='ltr'>a</span> <span class='ocrx_word' id='word_1_492' title='bbox 1937 2577 1973 2603; x_wconf 90' lang='lat' dir='ltr'>e-</span> 
     </span>
     <span class='ocr_line' id='line_1_44' title="bbox 268 2623 1975 2670; baseline -0.006 -2"><span class='ocrx_word' id='word_1_493' title='bbox 268 2631 441 2668; x_wconf 84' lang='lat' dir='ltr'>driani</span> <span class='ocrx_word' id='word_1_494' title='bbox 470 2639 564 2666; x_wconf 87' lang='lat' dir='ltr'>esse</span> <span class='ocrx_word' id='word_1_495' title='bbox 592 2632 774 2664; x_wconf 80' lang='lat' dir='ltr'>servata.</span> <span class='ocrx_word' id='word_1_496' title='bbox 803 2632 847 2660; x_wconf 91' lang='lat' dir='ltr'>ut</span> <span class='ocrx_word' id='word_1_497' title='bbox 877 2624 891 2659; x_wconf 94' lang='lat'>1</span> <span class='ocrx_word' id='word_1_498' title='bbox 919 2623 1096 2669; x_wconf 70' lang='lat' dir='ltr'>prodere</span> <span class='ocrx_word' id='word_1_499' title='bbox 1123 2623 1146 2659; x_wconf 93' lang='lat' dir='ltr'>i.</span> <span class='ocrx_word' id='word_1_500' title='bbox 1175 2634 1208 2659; x_wconf 91' lang='lat' dir='ltr'>e.</span> <span class='ocrx_word' id='word_1_501' title='bbox 1239 2623 1442 2670; x_wconf 75' lang='lat' dir='ltr'>detegere</span> <span class='ocrx_word' id='word_1_502' title='bbox 1469 2624 1537 2659; x_wconf 82' lang='lat' dir='ltr'>vel</span> <span class='ocrx_word' id='word_1_503' title='bbox 1564 2623 1707 2669; x_wconf 88' lang='lat' dir='ltr'>palam</span> <span class='ocrx_word' id='word_1_504' title='bbox 1728 2623 1870 2658; x_wconf 79' lang='lat' dir='ltr'>iacere</span> <span class='ocrx_word' id='word_1_505' title='bbox 1889 2623 1975 2667; x_wconf 67' lang='lat' dir='ltr'>(ali-</span> 
     </span>
     <span class='ocr_line' id='line_1_45' title="bbox 266 2674 1974 2731; baseline -0.006 -9"><span class='ocrx_word' id='word_1_506' title='bbox 266 2685 370 2731; x_wconf 85' lang='lat' dir='ltr'>quid</span> <span class='ocrx_word' id='word_1_507' title='bbox 400 2686 549 2730; x_wconf 68' lang='lat' dir='ltr'>turpe),</span> <span class='ocrx_word' id='word_1_508' title='bbox 577 2679 692 2728; x_wconf 91' lang='lat' dir='ltr'>quod</span> <span class='ocrx_word' id='word_1_509' title='bbox 719 2679 820 2714; x_wconf 90' lang='lat' dir='ltr'>item</span> <span class='ocrx_word' id='word_1_510' title='bbox 850 2680 880 2712; x_wconf 85' lang='grc' dir='ltr'><strong>Φ</strong></span> <span class='ocrx_word' id='word_1_511' title='bbox 907 2676 965 2712; x_wconf 66' lang='lat' dir='ltr'>IV</span> <span class='ocrx_word' id='word_1_512' title='bbox 996 2677 1047 2712; x_wconf 75' lang='lat'>18.</span> <span class='ocrx_word' id='word_1_513' title='bbox 1078 2677 1120 2712; x_wconf 84' lang='lat'>17</span> <span class='ocrx_word' id='word_1_514' title='bbox 1146 2676 1313 2712; x_wconf 88' lang='lat' dir='ltr'>Rumor</span> <span class='ocrx_word' id='word_1_515' title='bbox 1331 2678 1498 2723; x_wconf 76' lang='lat' dir='ltr'>legatos</span> <span class='ocrx_word' id='word_1_516' title='bbox 1518 2676 1764 2722; x_wconf 85' lang='lat' dir='ltr'>superiores</span> <span class='ocrx_word' id='word_1_517' title='bbox 1780 2674 1974 2721; x_wconf 75' lang='lat' dir='ltr'>prodidit.</span> 
     </span>
     <span class='ocr_line' id='line_1_46' title="bbox 272 2728 1976 2783; baseline -0.006 -9"><span class='ocrx_word' id='word_1_518' title='bbox 272 2760 314 2763; x_wconf 78' lang='lat'>-</span> <span class='ocrx_word' id='word_1_519' title='bbox 349 2738 371 2773; x_wconf 77' lang='lat'><strong>2</strong></span> <span class='ocrx_word' id='word_1_520' title='bbox 405 2736 556 2783; x_wconf 73' lang='lat' dir='ltr'>probat</span> <span class='ocrx_word' id='word_1_521' title='bbox 580 2750 624 2764; x_wconf 70' lang='lat' dir='ltr'><em>z</em></span> <span class='ocrx_word' id='word_1_522' title='bbox 653 2731 806 2778; x_wconf 69' lang='lat' dir='ltr'>arguit,</span> <span class='ocrx_word' id='word_1_523' title='bbox 835 2730 995 2766; x_wconf 84' lang='lat' dir='ltr'>indicat</span> <span class='ocrx_word' id='word_1_524' title='bbox 1020 2745 1052 2758; x_wconf 60' lang='grc' dir='ltr'>ω</span> <span class='ocrx_word' id='word_1_525' title='bbox 1080 2732 1111 2764; x_wconf 90' lang='grc' dir='ltr'><strong>Φ</strong></span> <span class='ocrx_word' id='word_1_526' title='bbox 1136 2729 1174 2764; x_wconf 64' lang='grc' dir='ltr'>Υ</span> <span class='ocrx_word' id='word_1_527' title='bbox 1201 2731 1233 2764; x_wconf 72' lang='lat'>5.</span> <span class='ocrx_word' id='word_1_528' title='bbox 1260 2730 1307 2765; x_wconf 84' lang='lat'>37</span> <span class='ocrx_word' id='word_1_529' title='bbox 1333 2737 1589 2776; x_wconf 87' lang='lat' dir='ltr'>turpemque</span> <span class='ocrx_word' id='word_1_530' title='bbox 1617 2735 1765 2775; x_wconf 87' lang='lat' dir='ltr'>aperto</span> <span class='ocrx_word' id='word_1_531' title='bbox 1792 2728 1976 2774; x_wconf 78' lang='lat' dir='ltr'>pignore</span> 
     </span>
     <span class='ocr_line' id='line_1_47' title="bbox 269 2780 1976 2835; baseline -0.007 -7"><span class='ocrx_word' id='word_1_532' title='bbox 269 2801 466 2828; x_wconf 83' lang='lat' dir='ltr'>errorem</span> <span class='ocrx_word' id='word_1_533' title='bbox 490 2787 691 2835; x_wconf 65' lang='lat' dir='ltr'>probans,</span> <span class='ocrx_word' id='word_1_534' title='bbox 720 2785 733 2820; x_wconf 91' lang='lat' dir='ltr'>I</span> <span class='ocrx_word' id='word_1_535' title='bbox 765 2784 816 2820; x_wconf 88' lang='lat'>13.</span> <span class='ocrx_word' id='word_1_536' title='bbox 847 2783 890 2819; x_wconf 90' lang='lat'>13</span> <span class='ocrx_word' id='word_1_537' title='bbox 913 2782 1121 2829; x_wconf 70' lang='lat' dir='ltr'>probatur</span> <span class='ocrx_word' id='word_1_538' title='bbox 1147 2783 1226 2818; x_wconf 84' lang='lat' dir='ltr'>hac</span> <span class='ocrx_word' id='word_1_539' title='bbox 1255 2793 1311 2818; x_wconf 91' lang='lat' dir='ltr'>re.</span> <span class='ocrx_word' id='word_1_540' title='bbox 1343 2804 1384 2807; x_wconf 93' lang='lat'>-—</span> <span class='ocrx_word' id='word_1_541' title='bbox 1411 2783 1463 2818; x_wconf 89' lang='lat' dir='ltr'>ib.</span> <span class='ocrx_word' id='word_1_542' title='bbox 1484 2781 1638 2828; x_wconf 86' lang='lat' dir='ltr'>probat</span> <span class='ocrx_word' id='word_1_543' title='bbox 1660 2780 1976 2827; x_wconf 73' lang='lat' dir='ltr'>Aesopt&#39;sabula</span> 
     </span>
     <span class='ocr_line' id='line_1_48' title="bbox 269 2834 1975 2881; baseline -0.006 -1"><span class='ocrx_word' id='word_1_544' title='bbox 269 2863 301 2875; x_wconf 59' lang='grc' dir='ltr'><strong><em>ω</em></strong></span> <span class='ocrx_word' id='word_1_545' title='bbox 331 2849 362 2880; x_wconf 86' lang='grc' dir='ltr'><strong>Φ</strong></span> <span class='ocrx_word' id='word_1_546' title='bbox 390 2844 403 2879; x_wconf 91' lang='grc' dir='ltr'><strong>Ι</strong></span> <span class='ocrx_word' id='word_1_547' title='bbox 434 2843 487 2878; x_wconf 80' lang='lat'>10.</span> <span class='ocrx_word' id='word_1_548' title='bbox 513 2842 536 2877; x_wconf 84' lang='lat'>3</span> <span class='ocrx_word' id='word_1_549' title='bbox 562 2840 656 2876; x_wconf 89' lang='lat' dir='ltr'>Hoc</span> <span class='ocrx_word' id='word_1_550' title='bbox 685 2837 922 2874; x_wconf 85' lang='lat' dir='ltr'>adtestatur</span> <span class='ocrx_word' id='word_1_551' title='bbox 948 2835 1092 2871; x_wconf 79' lang='lat' dir='ltr'>brevis</span> <span class='ocrx_word' id='word_1_552' title='bbox 1116 2835 1443 2881; x_wconf 67' lang='lat' dir='ltr'>Aesopz&#39;flzhula.</span> <span class='ocrx_word' id='word_1_553' title='bbox 1464 2845 1547 2881; x_wconf 91' lang='lat' dir='ltr'>quo</span> <span class='ocrx_word' id='word_1_554' title='bbox 1568 2839 1750 2881; x_wconf 89' lang='lat' dir='ltr'>utroque</span> <span class='ocrx_word' id='word_1_555' title='bbox 1769 2834 1865 2870; x_wconf 90' lang='lat' dir='ltr'>loco</span> <span class='ocrx_word' id='word_1_556' title='bbox 1884 2844 1975 2870; x_wconf 88' lang='lat' dir='ltr'>ver-</span> 
     </span>
     <span class='ocr_line' id='line_1_49' title="bbox 270 2887 1977 2934; baseline -0.006 0"><span class='ocrx_word' id='word_1_557' title='bbox 270 2909 344 2934; x_wconf 83' lang='lat' dir='ltr'>sus</span> <span class='ocrx_word' id='word_1_558' title='bbox 373 2898 506 2933; x_wconf 82' lang='lat' dir='ltr'>exitus</span> <span class='ocrx_word' id='word_1_559' title='bbox 535 2892 760 2930; x_wconf 83' lang='lat' dir='ltr'>conficitur</span> <span class='ocrx_word' id='word_1_560' title='bbox 788 2889 934 2926; x_wconf 78' lang='lat' dir='ltr'>verbis</span> <span class='ocrx_word' id='word_1_561' title='bbox 962 2888 1118 2934; x_wconf 72' lang='lat' dir='ltr'>Aesopi</span> <span class='ocrx_word' id='word_1_562' title='bbox 1130 2889 1299 2934; x_wconf 77' lang='lat' dir='ltr'>sabula.</span> <span class='ocrx_word' id='word_1_563' title='bbox 1327 2910 1372 2913; x_wconf 85' lang='lat'><strong>—</strong></span> <span class='ocrx_word' id='word_1_564' title='bbox 1397 2888 1420 2924; x_wconf 90' lang='lat'>3</span> <span class='ocrx_word' id='word_1_565' title='bbox 1442 2890 1682 2934; x_wconf 73' lang='lat' dir='ltr'>pascentem</span> <span class='ocrx_word' id='word_1_566' title='bbox 1703 2887 1977 2934; x_wconf 88' lang='lat' dir='ltr'>participium</span> 
     </span>
    </p>
   </div>
  </div>
 </body>
</html>
