2152 3229
241 124 297 164 58
802 137 948 168 Phaedri
975 137 1084 168 soluti
1111 137 1246 168 fabu1ae
1274 137 1378 168 xxx

235 249 314 275 vus
350 239 602 285 profugiens
637 238 857 274 dominum
891 241 1073 274 naturae
1108 248 1288 284 asperae
1322 238 1499 284 Aesopo
1527 238 1724 274 occurrit.
1755 258 1797 262 —
1823 238 1845 273 9
1878 247 1935 273 se-

235 292 381 328 ducere
408 292 449 327 in
476 294 679 328 secretum
705 306 736 319 Ν
765 295 796 328 Φ
822 291 878 327 ΙΙΙ
908 292 960 327 10.
991 291 1006 327 1
1037 291 1240 327 Seductus
1265 290 1307 326 in
1333 293 1548 336 secretum.
1577 312 1619 315 —
1647 291 1699 327 ib.
1728 290 1936 327 seducere

236 346 275 381 in
304 356 335 381 s.
363 344 495 391 coepit
518 344 714 389 singulos
740 361 771 374 Ν
799 348 830 380 Φ
857 344 872 380 Ι
898 345 941 380 31
974 345 1011 380 11
1043 344 1125 388 Qui
1152 354 1336 390 regnum
1365 344 1544 390 adeptus
1570 344 1688 380 vesci
1708 343 1839 390 coepit
1855 343 1936 379 sin-

234 398 376 443 gulus,
403 398 419 434 Ι
445 398 478 435 2.
505 398 552 433 ‘25
579 398 799 444 corripere
825 397 955 443 eoepit
979 397 1188 442 singulas,
1210 397 1275 433 18.
1294 398 1317 432 Γ)
1335 396 1496 443 Magno
1517 397 1667 433 dolore
1684 397 1834 442 victus,
1855 407 1935 433 coe-

231 451 295 497 pit
319 451 514 495 singulos
541 451 720 487 Inlicere
746 451 894 497 pretio.
922 472 964 475 —
996 451 1033 486 11
1065 449 1330 486 mendacium
1356 466 1388 478 Ν
1416 451 1447 484 Φ
1473 449 1529 485 ΙΙΙ
1560 449 1612 486 10.
1639 450 1695 486 48.
1724 470 1766 474 -—
1794 449 1846 485 ib.
1874 460 1937 485 ve-

236 516 333 541 rum
366 504 559 540 dl'xerunt
589 520 621 532 Ν
655 508 686 539 Φ
719 504 733 539 Ι
771 505 823 540 10.
849 503 872 539 2
904 514 1052 539 verum
1085 503 1191 544 dicit,
1228 514 1321 550 app.
1352 503 1404 539 15.
1435 504 1477 539 14
1503 513 1651 539 venun
1679 502 1868 547 dixerint,
1897 502 1940 538 16

236 569 385 594 verum
419 557 514 594 dllrz‘.
548 579 592 582 ἢ
631 557 672 593 13
703 556 820 593 Haec
846 567 940 593 cum
958 556 1129 602 fi’eisset
1158 556 1303 592 mullis
1328 573 1360 585 Ν
1388 560 1419 592 Φ
1445 555 1505 592 IV
1534 556 1561 591 1.
1587 556 1611 592 8
1636 555 1776 592 delicio
1801 566 1879 591 suo
1907 584 1938 591 ..

238 611 441 656 quidnam
458 610 670 656 fecissent.
704 631 747 634 -—
784 610 826 646 16
852 609 1017 645 erubuit
1042 609 1311 646 laudatorem
1341 608 1502 645 laedere
1527 625 1571 638 1-
1597 609 1760 644 veritus
1791 614 1855 645 est
1872 609 1895 644 l.
1911 609 1938 644 Vl.

236 682 267 694 Ν
301 664 480 701 Ovidius
507 664 620 701 Trist
649 663 703 699 ΙΙΙ
734 663 762 698 1.
793 663 836 699 13
861 673 921 709 sq.
949 662 1064 709 quod
1090 673 1229 709 neque
1255 673 1350 698 sum
1379 662 1509 698 cedro
1537 662 1675 698 ssavus
1701 672 1780 698 nec
1807 661 1939 708 pumi-

240 729 288 753 ce
314 718 421 754 levis
443 729 448 753 :
474 717 642 754 Erubui
666 717 839 753 domino
868 717 1022 752 cultior
1047 726 1135 752 esse
1162 726 1270 752 meo.
1299 736 1340 739 —
1370 715 1423 751 ib.
1453 714 1614 750 laedere
1640 731 1684 744 z
1712 715 1826 750 malo
1855 713 1940 750 alfi-

239 782 336 808 cere
368 789 400 801 Ν
428 775 459 807 Φ
497 771 761 817 saepissime.
789 791 832 794 —
864 770 904 805 17
932 769 1082 805 fraude
1110 768 1290 815 ..finxit
1313 786 1345 798 Ν
1374 772 1405 804 Φ
1428 768 1447 805 -Ι
1478 768 1507 804 1.
1538 768 1581 804 15
1595 767 1712 814 fictis
1739 784 1783 797 Σ
1811 767 1940 804 falsis.

239 846 281 850 —-
309 824 565 869 languidum
591 839 622 852 Ν
651 827 682 859 Φ
709 824 763 860 ΙΙΙ
789 823 821 859 2.
848 824 881 866 9,
911 834 1003 869 app.
1035 823 1086 858 10.
1113 823 1145 858 8.
1178 844 1214 846 —
1249 823 1290 858 18
1312 821 1518 857 Continuo
1539 827 1750 868 quaerunt
1771 837 1803 849 Ν
1823 824 1855 857 Φ
1874 821 1888 857 Ι
1907 821 1940 857 6.

317 1054 345 1093 ᾳ
383 1036 570 1081 XXVI.
636 1036 808 1081 wvo.
873 1034 1147 1080 VVLPES
1180 1034 1244 1079 IN
1279 1034 1593 1080 HOMINEM
1626 1033 1870 1079 VERSA.

242 1158 469 1198 Naturam
501 1165 684 1209 turpem
717 1158 844 1197 nulla
876 1156 1064 1197 fortuna
1097 1156 1288 1206 obtegit.

241 1230 495 1269 humanam
528 1229 737 1280 speciem
774 1240 879 1267 cum
912 1240 961 1267 se
996 1227 1216 1268 vertisset
1249 1227 1423 1278 Iupiter

242 1303 432 1352 vulpem
465 1300 684 1351 legitimis
717 1307 765 1339 ut
798 1299 930 1339 sedit.
965 1299 1138 1339 thoros.

243 1373 524 1413 scarabeum
557 1371 671 1411 vidit
704 1377 987 1422 prorepente
1023 1382 1081 1409 ex
1115 1372 1287 1421 angulo

198 1457 216 1485 3
243 1450 491 1494 notamque
527 1443 584 1482 ad
617 1443 811 1494 predam
845 1441 1045 1482 celerius
1078 1440 1229 1481 silivit.
1265 1440 1421 1492 superi
1456 1440 1605 1491 gradu
1640 1440 1787 1479 risere
1821 1450 1946 1490 mag-

362 1514 446 1554 nis.
483 1513 664 1554 erubuit
698 1520 833 1565 pater

248 1587 528 1637 vulpemque
562 1585 858 1636 repudiatam
892 1584 1094 1624 talixmis
1128 1582 1318 1634 expudit

245 1658 316 1697 his
348 1663 662 1709 prosequutus
697 1656 801 1695 vive
837 1655 959 1707 quod
992 1654 1133 1705 digna
1167 1666 1217 1694 es
1250 1654 1402 1704 modo,

247 1729 353 1780 quia
387 1728 539 1779 digne.
574 1727 747 1767 nostris
780 1725 956 1766 meritis
989 1738 1080 1765 non
1113 1732 1269 1777 potest
1304 1737 1407 1765 esse

364 1867 594 1904 Adnotatio.
646 1867 764 1902 Haec
805 1866 947 1902 fabula
987 1870 1101 1901 extat
1140 1864 1268 1900 etiam
1308 1864 1349 1899 in
1387 1863 1560 1900 Romuli
1600 1863 1749 1899 codice
1788 1861 1826 1897 V
1862 1860 1946 1897 fab.

247 1921 395 1958 LXIV.
446 1921 633 1957 Titulum
666 1919 809 1966 recepi
843 1929 893 1955 ex
925 1930 975 1960 w,
1008 1918 1081 1954 ubi
1113 1918 1173 1953 sic
1201 1916 1386 1963 scriptus
1414 1922 1502 1952 est:
1526 1915 1671 1962 Vulpis
1703 1915 1744 1951 in
1778 1913 1947 1951 homine

248 1977 384 2012 versu.
425 1996 467 1998 —
511 1975 545 2009 2.
580 1973 833 2009 Humanam
866 1971 908 2007 in
939 1970 1116 2017 speeiem
1152 1969 1387 2016 scripsizl'n
1413 1969 1652 2005 humanam
1678 1967 1855 2014 speciem
1882 1967 1947 2004 V:

248 2029 502 2065 Humanum
528 2025 704 2072 speciem
731 2036 771 2061 w
798 2025 973 2061 *omisso
1001 2023 1069 2062 z'n').
1099 2044 1141 2047 —
1169 2023 1221 2059 ib.
1249 2033 1344 2058 cnm
1366 2022 1553 2058 verns-set
1570 2021 1759 2067 Iuppiter
1779 2021 1948 2067 vulpem

249 2081 401 2128 scripsi
421 2092 427 2116 :
444 2091 539 2116 cunc
564 2090 609 2115 se
637 2078 824 2115 vertisset
848 2077 999 2123 iupiter
1026 2076 1195 2122 vulpem
1222 2086 1273 2111 w.
1302 2075 1416 2122 quod
1445 2075 1544 2122 quia
1570 2075 1671 2110 ferri
1690 2085 1776 2110 non
1794 2080 1949 2120 potest,

251 2141 322 2171 aut
347 2145 390 2170 se
418 2139 488 2170 aut
517 2132 684 2179 vulpem
713 2131 940 2168 delendum
968 2136 1042 2167 est.
1069 2140 1148 2166 nec
1175 2139 1280 2165 vero
1309 2128 1486 2165 dubium
1513 2134 1577 2164 est
1603 2128 1705 2175 quin
1730 2138 1775 2163 se
1804 2127 1857 2163 sit
1883 2127 1950 2163 de-

250 2188 436 2228 lendum,
472 2186 640 2232 vulpem
668 2184 950 2221 retinendum.
978 2193 1165 2230 namque
1191 2192 1276 2218 non
1305 2181 1434 2218 modo
1462 2182 1606 2217 titulus
1634 2181 1709 2217 sed
1738 2181 1866 2216 etiam
1894 2181 1950 2227 ip-

250 2253 345 2278 sum
373 2244 677 2285 argumentum
705 2239 874 2275 fabulae
901 2236 1061 2273 indicat
1087 2247 1172 2272 non
1192 2235 1350 2279 Iovem,
1370 2235 1446 2271 sed
1466 2236 1638 2281 vulpem
1656 2235 1699 2270 in
1718 2234 1951 2270 humanam

251 2295 441 2342 speciem
481 2293 563 2329 dici
603 2303 698 2329 esse
737 2301 1005 2328 conversam.
1062 2289 1312 2325 Humanum
1351 2288 1392 2324 in
1431 2287 1608 2334 speciem
1635 2298 1731 2324 culn
1757 2286 1947 2323 vertisset

252 2348 440 2395 Iuppiter
474 2347 641 2393 vulpem
669 2346 840 2392 scripsit
867 2345 951 2380 iam
979 2344 1153 2379 BURMAN,
1182 2342 1252 2389 qui
1280 2348 1423 2378 tamen
1452 2341 1612 2378 erravit
1640 2340 1755 2388 quod
1781 2340 1953 2387 scripsit

254 2402 454 2448 deinceps
471 2412 476 2436 :
495 2400 688 2447 *Vulpem
703 2398 842 2444 regali
850 2398 985 2445 pellex
1000 2399 1045 2433 uf
1061 2395 1164 2432 sedit
1178 2397 1339 2436 tln‘ono,
1355 2396 1542 2442 itemque
1551 2394 1738 2430 Lucas-irs
1752 2393 1952 2430 Momm-:1³1

253 2454 452 2499 legitimis
487 2453 635 2500 paelex
680 2455 725 2488 nt
760 2452 865 2488 sedit
898 2451 1023 2490 toris:
1063 2450 1183 2497 quasi
1224 2449 1336 2497 apud
1379 2448 1572 2485 Graecos
1618 2453 1689 2483 aut
1732 2447 1953 2483 Romanos

256 2508 410 2544 fuerint
450 2507 663 2553 paelicum
701 2507 811 2542 iusta
851 2504 1046 2545 conubia,
1081 2510 1152 2539 aut
1185 2503 1306 2549 quasi
1333 2512 1448 2538 nova
1481 2508 1612 2548 nupta
1640 2500 1723 2536 dici
1750 2500 1876 2536 solita
1901 2499 1954 2535 sit

256 2562 416 2607 paelex.
457 2561 584 2595 aliam
618 2569 722 2595 vero
756 2559 871 2594 viam
903 2558 1027 2593 huius
1062 2556 1230 2592 fabulae
1264 2554 1558 2592 recensendae
1591 2559 1717 2600 atque
1750 2553 1953 2599 interpre-

256 2614 411 2650 tandae
443 2614 667 2659 ingressus
701 2618 764 2648 est
795 2611 940 2647 Tium:
972 2610 1116 2646 Herm.
1150 2609 1206 2645 43.
1238 2609 1309 2644 345
1328 2606 1413 2655 'sq.,
1458 2608 1525 2643 lat.
1558 2607 1705 2653 Aesop
1733 2604 1888 2642 CCXX
1915 2610 1955 2640 et

256 2667 338 2702 303.
366 2667 400 2703 is
428 2667 639 2713 opinatur,
667 2676 776 2712 quae
803 2676 840 2700 v.
868 2664 890 2700 2
909 2675 969 2710 sq.
990 2664 1072 2700 sint
1097 2663 1139 2698 in
1164 2673 1215 2705 w,
1241 2672 1292 2697 ea
1319 2672 1341 2697 a
1362 2660 1558 2697 Phaedro
1578 2661 1638 2696 sic
1659 2670 1753 2696 esse
1773 2658 1952 2704 scripta:

258 2720 511 2756 Humanam
538 2718 580 2754 in
606 2717 783 2764 speciem
810 2717 911 2753 {lum
937 2727 981 2752 se
1006 2715 1129 2752 vertit
1152 2714 1352 2761 Iuppiter,
1378 2714 1548 2760 vulpem
1576 2711 1774 2757 legl'tl'nn's
1885 2710 1953 2746 ud-

258 2773 389 2809 sunn't
425 2772 537 2808 toris.
572 2771 687 2818 quod
726 2776 851 2807 errat.
886 2781 985 2806 nam
1025 2770 1211 2815 primum
1251 2768 1321 2804 tali
1356 2766 1695 2814 interpretationi
1728 2765 1878 2808 obstat,
1912 2769 1956 2800 ut

261 2827 454 2868 diximus,
483 2826 576 2871 ipsa
602 2825 745 2860 fabula
775 2824 958 2870 antiqua.
984 2823 1070 2858 iam
1101 2832 1206 2857 vero
1239 2821 1342 2857 nihil
1362 2826 1424 2856 est
1443 2819 1557 2866 quod
1578 2818 1806 2854 credamus
1825 2817 1955 2853 Phae-

262 2879 385 2915 drum
421 2886 509 2914 tam
538 2878 745 2914 delirasse
773 2884 815 2913 ut
843 2882 1039 2913 narraret
1066 2875 1213 2911 Iovem
1242 2874 1279 2910 in
1309 2874 1542 2909 humanam
1573 2872 1760 2918 speciem
1788 2870 1884 2906 ideo
1911 2880 1957 2905 se
