2152 3229
823 194 911 235 Cap.
940 194 966 225 I.
1018 194 1074 225 De
1101 194 1204 224 libris
1232 203 1332 224 awr
1846 191 1922 218 XIII

225 322 276 326 —
312 297 674 338 contaminando
705 310 810 338 cum
834 283 1047 338 Rhaedro
1072 322 1126 325 —
1152 309 1289 348 quem
1312 296 1555 349 despectui
1578 297 1719 336 habet
1743 308 1923 336 summo

224 393 276 396 —
312 370 750 419 corrumperentur?
783 369 881 408 iure
914 368 1055 419 igitur
1086 368 1332 408 POSTGATE
1370 368 1510 407 »hoc2>
1549 367 1694 419 inquit
1723 367 1924 407 »factum

224 451 327 479 esse
361 451 453 479 non
486 440 603 479 sumi
637 440 720 479 sed
753 439 941 490 probari
975 440 1219 479 decebat».

340 511 474 550 Duae
510 510 816 550 collectiones
849 510 1045 549 Romulo
1081 509 1379 549 continentur
1400 521 1406 548 :
1427 521 1517 548 una
1550 509 1728 560 Aesopi
1753 509 1810 549 ad
1834 509 1921 549 Ru-

222 581 317 621 fum
351 583 505 632 (quam
548 582 580 622 R
619 581 776 621 littera
814 580 1074 619 maiuscula
1113 580 1317 629 denoto),
1359 581 1507 618 altera
1541 581 1598 619 ab
1634 580 1799 619 eadem
1834 591 1923 631 qua

221 652 408 692 fabulae
442 651 737 692 Ps-Dosithei
769 656 954 701 sumpta
988 650 1280 689 collectione.
1317 649 1447 688 cuius
1472 650 1762 689 collectionis
1786 662 1924 701 quam

220 723 430 774 proxime
470 722 563 762 dixi
601 721 788 761 fabulae
829 733 856 760 a
894 720 1108 760 Phaedro
1149 731 1396 760 emanasse
1430 732 1519 759 non
1554 720 1783 760 videntur.
1817 721 1921 760 illae

221 800 377 833 autem
414 792 591 844 Aesopi
631 792 689 831 ad
728 791 898 831 Rufum
937 792 1190 842 pleraeque
1231 798 1337 830 sunt
1376 790 1714 836 Phaedrianae,
1750 791 1921 842 aliquot

219 871 297 904 aut
330 863 496 903 dubiae
531 869 609 903 aut
643 862 828 902 aliunde
861 869 1089 913 sumptae.
1125 862 1257 913 quid?
1291 863 1414 912 quod
1446 874 1538 901 non
1572 863 1721 901 solum
1744 862 1921 912 origine

218 934 302 974 sed
335 934 475 974 etiam
513 945 728 974 sermone
754 932 1058 973 collectiones
1087 934 1119 973 R
1145 940 1190 972 et
1214 933 1326 972 Dos.
1350 932 1472 972 inter
1494 944 1544 972 se
1578 933 1772 972 multum
1796 932 1923 972 diffe-

218 1010 336 1044 runt.
375 1016 505 1044 nam²
532 1016 650 1055 quae
699 1004 991 1044 Ps-Dosithei
1037 1003 1082 1043 in
1115 1003 1514 1043 hermeneumatis
1549 1009 1594 1043 et
1632 1003 1676 1043 in
1712 1010 1922 1043 extremo

219 1082 384 1127 quarto
433 1083 539 1116 sunt
587 1075 703 1115 libro
750 1075 946 1120 Romuli,
982 1086 1142 1114 earum
1176 1075 1380 1114 sermoni
1415 1074 1584 1114 aetatis
1617 1086 1744 1122 suae,
1777 1073 1823 1113 id
1852 1082 1922 1113 est

217 1145 416 1186 ineuntis
449 1146 626 1186 saeculi
659 1146 783 1186 tertii
816 1153 926 1186 nota
958 1145 1185 1197 impressa
1209 1152 1299 1195 est;
1327 1152 1594 1185 ceterarum
1617 1152 1774 1185 autem
1797 1144 1923 1184 fabu-

216 1218 365 1257 larum
412 1217 757 1257 Romulearum¹
792 1229 947 1257 sermo
999 1224 1069 1257 est
1118 1217 1262 1268 quinti
1296 1216 1479 1256 sextive
1514 1217 1705 1256 saeculi.
1741 1228 1799 1255 ex
1833 1226 1922 1266 quo

219 1288 418 1328 efficitur
460 1300 620 1329 errare
654 1289 834 1328 THIELE
869 1288 991 1339 quod
1024 1287 1208 1327 fabulas
1232 1287 1410 1338 Aesopi
1434 1288 1491 1327 ad
1516 1287 1686 1327 Rufum
1710 1287 1923 1338 opinatur

216 1359 416 1399 indidem
453 1359 572 1399 unde
606 1359 790 1399 fabulas
821 1359 924 1413 illas
964 1371 1082 1410 quae
1125 1359 1322 1398 Romulo
1367 1370 1642 1398 communes
1684 1357 1773 1397 sint
1817 1369 1921 1397 cum

218 1429 523 1470 Ps-Dositheo
572 1442 676 1470 esse
725 1437 948 1481 sumptas,
995 1430 1039 1469 id
1074 1437 1144 1469 est
1178 1430 1235 1469 ab
1271 1429 1460 1480 Aesopo
1494 1429 1586 1481 illo⁷
1622 1440 1759 1480 quem
1793 1428 1921 1467 finxit

218 1501 326 1540 olim
355 1501 496 1540 fuisse
521 1512 746 1551 graecum
769 1501 828 1540 ad
850 1500 1100 1550 Xanthum,
1126 1507 1230 1552 post
1253 1500 1446 1540 latinum
1470 1501 1528 1539 ad
1551 1499 1734 1539 Rufum.
1770 1510 1920 1549 neque

219 1571 354 1622 enim,
396 1571 433 1611 si
474 1578 518 1611 et
548 1572 636 1611 hae
672 1579 717 1611 et
750 1572 856 1611 illae
890 1570 1073 1611 Romuli
1106 1571 1292 1610 fabulae
1328 1572 1386 1610 ab
1421 1571 1588 1610 eodem
1620 1570 1738 1610 libro
1772 1581 1918 1620 sump

217 1650 293 1682 tae
342 1650 513 1691 essent,
562 1643 699 1682 facile
749 1642 1010 1694 potuissent
1055 1642 1175 1681 duae
1209 1642 1315 1681 illae
1351 1653 1466 1692 quas
1499 1642 1636 1681 modo
1672 1640 1764 1680 dixi
1796 1640 1921 1680 fabu—

215 1714 364 1752 larum
411 1713 744 1753 Romulearum
795 1713 1098 1753 collectiones
1135 1713 1256 1752 inter
1289 1724 1338 1752 se
1374 1720 1469 1752 tam
1503 1712 1707 1752 differre.
1742 1724 1850 1751 nam
1883 1711 1953 1751 si·

215 1784 438 1824 Romulus
486 1791 711 1824 auctorue
761 1784 944 1823 Romuli
993 1795 1156 1823 omnes
1206 1783 1309 1823 illas
1351 1783 1535 1823 fabulas
1575 1785 1631 1823 ab
1666 1795 1756 1822 uno
1792 1782 1919 1822 fonte

215 1854 502 1906 sumpsisset,
541 1855 642 1895 sive
678 1867 759 1895 eas
791 1867 884 1894 non
917 1861 1158 1902 mutasset,
1194 1861 1563 1894 consentaneum
1597 1854 1680 1894 fuit
1716 1865 1797 1894 eas
1830 1865 1920 1893 om—

214 1938 299 1966 nes
333 1938 525 1966 manere
560 1927 679 1966 tales
713 1927 876 1977 quales
909 1926 954 1965 in
987 1925 1064 1965 illo
1098 1925 1289 1975 Aesopo
1313 1924 1527 1973 fuissent;
1557 1925 1653 1965 sive
1677 1931 1918 1973 mutasset,

215 1996 315 2036 fieri
361 2009 454 2036 non
501 1997 649 2048 potuit
698 1996 805 2048 quin
854 1996 1038 2036 fabulas
1086 2008 1205 2047 quae
1255 1996 1312 2035 ab
1362 2008 1452 2036 uno
1503 1997 1762 2047 eodemque
1803 1995 1919 2035 libro

214 2068 501 2119 sumpsisset,
536 2068 712 2119 pariter
745 2068 1069 2107 diasceuastes
1107 2068 1182 2107 ille
1216 2074 1432 2108 mutaret.
1468 2067 1682 2118 denique,
1708 2066 1807 2106 sive
1831 2067 1919 2106 hoc

215 2138 314 2178 sive
353 2139 465 2178 illud
503 2138 679 2178 iactum
713 2145 853 2188 esset,
889 2150 1186 2178 communem
1219 2139 1397 2178 fontem
1431 2149 1584 2178 sermo
1617 2138 1715 2188 ipse
1750 2137 1920 2176 indica-

216 2215 300 2249 ret.
335 2210 457 2260 quod
491 2221 632 2249 secus
666 2217 750 2250 est.

333 2280 636 2320 Collectionis
676 2292 719 2322 w
759 2280 946 2321 fabulae
994 2292 1156 2320 omnes
1202 2286 1393 2331 praeter
1438 2280 1553 2319 duas
1593 2279 1917 2330 paenultimas,

216 2349 506 2390 collectionis
538 2362 563 2391 ι’
595 2358 784 2402 praeter
816 2363 986 2391 novem
1023 2357 1260 2391 extremas
1294 2362 1400 2391 cum
1433 2351 1490 2390 ab
1525 2350 1717 2401 Aesopo
1752 2349 1810 2389 ad
1833 2349 1918 2389 Ru-

172 2455 174 2457 ,
215 2421 310 2460 sum
355 2420 580 2471 originem
628 2422 912 2473 acceperint,
952 2433 995 2463 w
1029 2428 1075 2462 et
1108 2433 1132 2463 1‘
1178 2422 1410 2473 quaedam
1452 2420 1745 2471 cognationis
1785 2420 1918 2471 signa

214 2503 327 2543 prae
367 2503 417 2531 se
457 2491 624 2542 ierunt,
659 2492 742 2531 sed
782 2492 1076 2542 cognationis
1114 2505 1208 2532 non
1242 2492 1497 2543 proximae.
1532 2491 1642 2531 nihil
1677 2498 1748 2531 est
1779 2491 1919 2541 igitur

215 2562 338 2613 quod
383 2574 488 2602 cum
529 2562 708 2601 THIELE
749 2562 961 2602 codicem
998 2574 1041 2604 w
1080 2563 1125 2602 in
1166 2563 1406 2603 codicibus
1445 2562 1629 2602 Romuli
1675 2573 1915 2613 ponamus.

214 2644 322 2672 nam
360 2645 444 2685 per
482 2633 632 2672 rivum
672 2643 805 2672 suum
837 2643 892 2681 w,
927 2644 1011 2683 per
1043 2644 1176 2672 suum
1209 2644 1233 2674 Ρ
1266 2634 1495 2673 deductus
1529 2641 1612 2673 est.
1646 2633 1691 2672 in
1724 2632 1915 2683 aliisque

214 2704 383 2744 fabulis
414 2715 470 2754 w,
505 2704 549 2743 in
584 2703 683 2743 aliis
716 2714 741 2744 1‘
772 2702 962 2753 propior
995 2708 1066 2742 est
1098 2703 1324 2743 Phaedro.
1358 2704 1442 2743 sed
1474 2704 1559 2743 has
1592 2715 1668 2742 res
1690 2703 1917 2753 relinqua-

214 2786 329 2825 mus,
364 2775 420 2814 de
455 2774 619 2826 quibus
654 2774 829 2814 Comm.
864 2772 882 2812 I
915 2772 1163 2822 egerimus.

333 2845 551 2896 Sequitur
583 2851 631 2884 ut
666 2845 722 2884 de
757 2843 883 2884 libris
917 2855 940 2884 Ρ
973 2854 1126 2894 pauca
1159 2842 1381 2882 dicamus.

333 2927 356 2957 Ρ
389 2935 433 2948 z
466 2916 702 2956 Romulus.
756 2915 885 2954 cuius
935 2913 1124 2953 codices
1171 2914 1421 2963 plerasque
1470 2913 1569 2963 ipse
1603 2925 1695 2953 non
1728 2914 1913 2953 contuli.
