2152 3229
159 697 197 726 lo

156 1405 195 1435 15

229 154 338 182 XXVI

226 266 399 302 miscuit
461 276 507 302 se
569 277 787 312 pavonum
849 267 1038 306 formoso

344 337 471 383 gregi
492 343 497 348 ·

226 407 285 442 Illi
334 407 596 454 imprudenti
641 419 806 455 pennas
852 409 1039 456 eripiunt

344 479 413 514 avi
433 488 439 520 ;

226 549 507 596 &fugantque
540 550 749 586 miserum
769 557 776 564 ·
798 550 911 587 Male
934 552 1038 587 mul-

341 605 454 656 tatus
486 622 698 667 gragulus

224 690 352 727 rediit
392 702 565 728 merens
605 692 658 728 ad
683 689 929 739 'proprium
967 704 1038 740 ge-

344 769 447 798 nus'

226 832 263 868 A
287 843 371 879 quo
394 834 605 879 repulsus.
631 833 862 870 luctificam
882 835 1037 871 iterum

343 904 544 939 sustinuit
577 910 744 940 notam·

226 974 346 1010 Tunc
387 974 562 1021 quidam
603 986 654 1011 ex
692 976 758 1011 his
791 986 919 1023 quem
953 977 1035 1023 pri-

343 1045 442 1082 dem
477 1045 733 1093 despexerat
768 1047 847 1083 uit·

224 1116 460 1153 Contentus
493 1118 650 1153 nostris
684 1118 718 1153 si
748 1118 904 1155 fuisses
927 1119 1036 1155 sedi-

342 1188 423 1224 bus

225 1265 263 1295 et
296 1259 384 1306 pati
419 1259 533 1306 quod
567 1266 721 1296 natura
755 1260 934 1298 dederat
965 1272 1037 1298 vo-

341 1331 496 1366 luisses

224 1412 303 1437 nec
343 1402 460 1438 illam
495 1408 696 1449 expertus
731 1404 1036 1440 contumeliam

343 1473 499 1509 fuisses

224 1554 303 1580 nec
343 1543 396 1580 ad
430 1544 540 1580 hanc
574 1545 773 1591 repulsus
807 1546 1038 1592 pervenire

341 1616 556 1661 potuisses
589 1616 836 1652 miserium·

946 159 1221 199 Prolegomena

1114 270 1334 306 inmiscuit
1383 280 1430 306 se
1474 281 1692 317 pavonum
1738 273 1926 311 formoso

1232 341 1359 387 gregi
1378 347 1384 353 ·

1114 411 1173 447 illi
1232 412 1472 458 impudenti
1523 423 1690 459 pennas
1740 416 1928 462 eripiunt

1232 483 1326 518 avi·

1114 553 1351 600 fugantque
1380 554 1531 590 rostris
1551 560 1557 566 ·
1579 555 1692 591 male
1714 557 1927 593 mulcatus

1232 625 1444 671 gragulus

1113 694 1257 731 redire
1296 706 1470 732 merens
1504 697 1643 743 coepit
1677 697 1730 734 ad
1763 699 1926 745 propri-

1232 776 1305 802 um
1340 777 1480 813 genus

1113 848 1137 872 a
1170 847 1254 883 quo
1286 838 1486 884 repulsus
1520 838 1687 875 tristem
1727 840 1928 876 sustinuit

1232 908 1436 944 noticiam

1113 985 1214 1014 tunc
1253 978 1429 1026 quidam
1464 990 1515 1015 ex
1547 980 1632 1016 illis
1666 991 1773 1027 quos
1806 981 1926 1028 prius

1232 1040 1490 1096 despexerat

1112 1126 1336 1156 contentus
1369 1121 1527 1157 nostris
1560 1122 1595 1157 si
1629 1122 1784 1158 fuisses
1817 1122 1926 1159 sedi-

1232 1191 1313 1227 bus

1113 1268 1152 1298 et
1185 1262 1299 1309 quod
1332 1268 1487 1299 natura
1510 1262 1689 1299 dederat
1714 1264 1927 1300 voluisses

1230 1334 1316 1380 pati

1111 1414 1191 1440 nec
1231 1395 1368 1440 illam'
1390 1411 1591 1451 expertus
1631 1415 1749 1441 esses
1783 1412 1926 1442 contu-

1231 1476 1405 1511 melium

1112 1557 1192 1582 nec
1233 1546 1344 1582 hanc
1383 1547 1603 1593 repulsam
1642 1552 1714 1583 tua
1749 1547 1927 1583 sentiret

1233 1617 1457 1653 calamitas

341 1763 370 1793 a
409 1760 479 1792 est
521 1753 708 1803 generis
747 1768 791 1804 cs,
827 1755 856 1794 P
894 1755 1082 1805 generis
1123 1753 1175 1795 Φ;
1241 1754 1556 1806 promythium
1595 1754 1639 1793 in
1674 1767 1700 1794 a
1734 1761 1803 1794 est
1837 1754 1925 1806 epi-

222 1824 461 1875 mythium,
494 1830 543 1863 ut
577 1836 777 1876 semper.
816 1849 866 1853 —
900 1837 943 1865 v.
963 1827 988 1865 3
1023 1826 1155 1865 deest
1188 1825 1231 1865 in
1266 1836 1312 1874 a;
1350 1825 1469 1876 quod
1497 1832 1567 1865 est
1590 1825 1827 1877 proprium
1851 1837 1926 1876 ge-

221 1895 346 1934 neris
385 1909 416 1945 (p
457 1895 667 1935 oratione
711 1908 814 1935 esse
849 1897 1108 1937 decurtata.
1144 1920 1198 1924 —
1232 1897 1350 1936 haec
1385 1896 1550 1936 melius
1584 1907 1612 1937 a
1645 1907 1783 1948 quam
1817 1896 1926 1935 P:5

219 1971 463 2017 pavonmn
498 1978 524 2005 a
544 1978 551 2005 :
569 1966 753 2017 pavoni
780 1967 827 2017 P,
868 1968 912 2006 11
951 1971 1108 2007 notam
1142 1979 1168 2007 a
1189 1980 1195 2007 :
1216 1967 1434 2007 noticiam
1468 1967 1515 2007 Ρ.
1545 1967 1657 2007 item
1682 1979 1722 2007 V.
1748 1969 1772 2007 6
1797 1967 1926 2007 exin-

222 2037 276 2075 de
309 2048 333 2076 a
370 2037 498 2086 (exin
535 2036 731 2085 Gruner,
768 2038 938 2089 Havet)
962 2038 1128 2079 melius
1151 2050 1288 2090 quam
1313 2038 1472 2078 deinde
1494 2038 1546 2085 P;
1572 2038 1654 2078 sed
1677 2038 1721 2078 in
1746 2049 1774 2079 a
1801 2038 1926 2077 exiu-

222 2108 274 2147 (ἵε)
308 2119 392 2147 usu
426 2107 655 2147 sermonis
686 2109 959 2159 posterioris
981 2110 1167 2160 ponitur
1189 2121 1272 2161 pro
1296 2110 1401 2149 inde
1424 2116 1469 2149 et
1493 2109 1755 2160 adplicatur
1779 2109 1925 2149 verbo

223 2178 422 2225 ornavit,
471 2190 575 2218 cum
624 2179 668 2218 in
716 2180 745 2220 P
790 2180 950 2219 deinde
997 2180 1277 2231 adiungatur
1324 2181 1470 2220 verbo
1518 2183 1826 2220 contemnens.
1870 2202 1927 2207 —

223 2262 263 2288 v.
301 2250 322 2288 7
359 2249 547 2289 me‘scm't
577 2262 626 2289 se
660 2262 686 2290 a
708 2263 714 2290 :
737 2251 974 2291 zmmscuz't
1008 2268 1054 2293 se
1085 2251 1132 2302 P,
1162 2258 1408 2302 utrumque
1431 2257 1581 2290 metro
1606 2258 1926 2302 repugnante;

222 2320 304 2359 sed
354 2320 539 2360 dubium
576 2328 645 2361 est
678 2328 832 2361 utrum
866 2322 984 2361 duee
1019 2332 1047 2362 a
1079 2323 1212 2372 legas
1242 2334 1293 2361 se
1331 2321 1527 2366 miscuit,
1566 2328 1614 2361 ut
1653 2321 1798 2371 Verg.
1834 2321 1876 2361 A
1909 2320 1928 2360 I

223 2391 306 2431 439
348 2403 413 2442 sq.
456 2391 595 2432 infert
634 2405 684 2432 se
724 2401 808 2443 per
846 2392 1024 2432 medios
1063 2392 1312 2443 miscetque
1357 2392 1490 2441 viris,
1541 2405 1599 2432 an
1649 2392 1767 2432 duce
1808 2393 1838 2432 P
1877 2404 1927 2431 se

224 2462 490 2508 immiscuit,
525 2469 574 2502 ut
607 2462 802 2502 Ovidius
835 2463 938 2503 Am.
973 2462 1029 2502 ΙΙΙ
1061 2465 1101 2503 5.
1137 2463 1190 2503 29
1225 2463 1331 2502 illuc
1355 2475 1405 2502 se
1426 2462 1578 2514 rapuit
1601 2463 1926 2514 gregibusque

223 2533 478 2572 immiscui?
507 2533 608 2573 illis.
644 2557 699 2561 —
738 2534 788 2573 10
822 2546 1035 2573 maerens
1056 2546 1265 2573 :merens
1299 2548 1325 2574 a
1358 2534 1404 2583 P,
1443 2533 1695 2585 scriptione
1725 2533 1924 2573 novicia.

222 2628 278 2631 —
327 2604 404 2650 illa
453 2611 610 2644 autem
651 2604 696 2643 in
731 2604 936 2644 deterius
968 2612 1145 2645 mutatu
1180 2606 1321 2645 habet
1355 2615 1408 2646 a:
1432 2605 1457 2644 2
1491 2604 1637 2644 vitam
1671 2605 1835 2655 degere
1866 2603 1924 2643 P:

223 2675 382 2714 vivere
431 2675 569 2714 malle
618 2687 656 2725 a,
706 2661 841 2726 rupto
875 2687 999 2715 nexu
1032 2676 1268 2716 orationis.
1320 2699 1370 2703 —
1421 2676 1447 2715 8
1480 2674 1924 2726 impudentiPzim-

218 2747 445 2798 prudente·
473 2758 512 2786 a.
549 2770 600 2775 -
638 2748 662 2785 9
697 2747 929 2787 nmlcatns
962 2747 995 2787 P
1016 2759 1022 2786 :
1043 2747 1267 2797 multatus
1296 2758 1335 2786 a.
1361 2771 1412 2774 —
1444 2747 1489 2786 11
1518 2746 1696 2785 tristem
1720 2745 1926 2784 P:lnct1·-

221 2817 358 2864 ficam
393 2830 431 2857 a.
469 2841 523 2845 -—
566 2818 614 2858 16
649 2830 730 2857 nec
761 2819 883 2858 lmnc
914 2818 1267 2870 repulsam‘tua
1289 2817 1482 2857 sentiret
1497 2816 1742 2856 calamitas
1765 2816 1799 2855 P
1819 2828 1827 2855 1
1847 2828 1927 2856 nec

225 2889 284 2926 ad
329 2889 449 2928 lianc
498 2889 718 2940 repulsus
750 2889 1000 2939 per-venire
1033 2888 1276 2940 potuisses
1313 2887 1551 2928 miseriam
1594 2899 1642 2937 a;
1689 2887 1811 2938 quod
1850 2887 1924 2938 qui
