2152 3229
247 173 339 200 XXII
943 174 1219 212 Prolegomena

248 280 305 318 31)
357 278 522 317 eodem
572 277 699 317 fonte
743 277 863 317 unde
906 277 1092 317 fabulae
1131 277 1440 318 Ps.-Dosithei
1481 278 1554 327 (ac
1596 276 1796 317 fortasse
1838 290 1856 316 r
1887 276 1946 316 lv

249 352 273 389 9
308 356 353 388 et
391 349 473 398 10).
509 360 625 399 quus
658 348 841 387 fabulas
875 348 1099 388 Romulus
1133 348 1302 388 fabulis
1335 349 1391 388 de
1425 349 1458 389 R
1491 347 1684 398 sumptis
1712 347 1952 387 1131161311-

248 420 368 459 ditas
415 420 472 459 ab
524 427 734 459 extremo
756 416 780 459 ¹.
824 419 920 471 ipse
963 431 1076 459 vero
1116 420 1148 459 R
1183 421 1422 470 (ΞΗ-Ψ)
1463 421 1521 459 ab
1554 418 1631 458 illo
1666 417 1856 469 Aesopo
1892 419 1951 457 13-

248 491 342 531 tino
392 490 665 541 antiquiore.
716 490 791 541 qui
840 490 992 530 fuerat
1032 490 1136 530 fons
1168 490 1474 538 Ps-Dosithei,
1509 501 1600 529 non
1634 489 1690 528 de
1724 489 1951 539 Phaedro,

249 562 447 602 adscivit
482 561 664 601 fabulas
697 573 718 601 r
752 561 768 600 Ι
801 563 826 601 5
862 574 905 600 xv
939 561 955 601 Ι
989 564 1013 601 6
1048 561 1159 602 Dos.
1196 562 1250 601 44
1285 567 1330 601 et
1365 560 1417 601 97
1453 561 1510 600 de
1546 572 1662 599 cane
1699 567 1743 600 et
1777 559 1875 600 offa
1908 566 1954 599 et

249 645 276 672 a
311 632 359 672 41
398 644 419 671 r
451 632 508 672 ΙΙΙ
542 633 564 671 7
601 645 644 672 xv
677 632 733 672 HI
768 634 791 672 7
827 632 939 673 Dos.
975 633 1030 672 44
1065 640 1109 672 et
1144 634 1199 672 95
1233 633 1290 672 de
1326 643 1468 672 cervo
1504 631 1562 671 ad
1595 631 1786 670 iontem.
1823 636 1870 669 at
1893 629 1955 670 13-

249 704 357 743 bula
391 703 447 742 de
482 715 597 743 rana
632 710 676 743 et
710 715 840 743 mure
875 704 981 744 talis
1016 703 1164 754 qualis
1199 710 1268 743 est
1303 715 1324 742 r
1356 702 1372 742 I
1406 703 1431 742 3
1465 714 1496 753 g
1530 710 1575 742 et
1608 714 1635 741 a
1669 701 1882 740 Phaedro
1909 706 1955 740 et

250 787 277 814 a
309 774 631 814 Ps.-Dositheo
671 781 852 814 tantum
886 775 1121 825 discrepat
1156 781 1204 814 ut
1239 786 1262 813 e
1297 773 1435 814 tertio
1469 773 1598 825 fonte
1632 778 1817 823 sumpta
1851 783 1954 811 esse

249 846 477 885 videatur.
513 845 569 884 de
602 845 773 885 ceteris
797 857 911 896 quas
935 846 1019 885 sub
1043 856 1073 885 x
1098 845 1371 884 enumeravi
1394 844 1562 884 fabulis
1584 843 1802 883 iudicium
1827 842 1956 883 susti-

250 929 353 956 neo.
388 928 539 967 neque
576 916 697 955 enim
731 916 807 955 ubi
838 915 876 953 Φ
899 923 976 956 aut
1001 930 1034 969 φ
1057 916 1190 955 deest
1214 927 1403 967 possum
1427 914 1680 954 diiudicare
1704 920 1858 953 utrum
1882 913 1956 953 ali-

251 988 372 1027 unde
407 993 620 1038 sumptae
655 999 713 1027 311
742 999 834 1027 11011
863 988 1013 1027 solum
1037 986 1208 1032 verbis„
1235 986 1357 1037 quod
1381 986 1425 1025 in
1449 997 1624 1036 genere
1649 999 1680 1024 π
1700 984 1799 1024 fieri
1823 986 1978 1034 solet,-

251 1059 333 1098 sed
368 1058 509 1098 etiam
542 1060 682 1098 rebus
716 1070 741 1097 3
776 1058 1085 1098 diasceuastis
1117 1057 1180 1097 itu
1215 1057 1408 1097 relictae
1443 1056 1531 1096 sint
1565 1065 1613 1096 ut
1647 1055 1802 1095 omnia
1825 1055 1958 1106 signa

251 1130 573 1169 Phaedrinnae
608 1129 800 1180 originis
833 1129 1229 1169 oblitterarentur.
1265 1140 1416 1179 neque
1452 1128 1572 1167 enirn
1606 1128 1725 1167 11366
1759 1138 1835 1166 res
1863 1133 1958 1166 tarn

252 1201 449 1252 simplex
484 1208 553 1240 est
588 1212 725 1251 quam
758 1200 940 1240 THIELE
975 1201 1202 1252 opinatur.
1240 1200 1314 1251 qui
1349 1197 1534 1239 fabulas
1566 1198 1804 1250 prosarias
1828 1207 1959 1238 awr

253 1284 416 1312 omnes
439 1273 618 1311 duobus
641 1272 892 1322 generibus
917 1271 1283 1323 comprehendit,
1310 1283 1400 1310 uno
1423 1270 1621 1310 Phaedri
1645 1269 1795 1320 soluti,
1821 1279 1958 1319 quem

254 1343 601 1393 angustioribus
635 1355 773 1394 quam
807 1355 890 1394 par
925 1350 995 1382 est
1027 1342 1194 1382 finibus
1228 1341 1583 1390 circumscribit,
1609 1341 1758 1379 altero
1783 1339 1958 1390 Aesopi

253 1414 373 1454 illius
421 1414 549 1454 latini
594 1415 652 1454 ad
685 1413 868 1465 Rufum,
904 1425 1042 1465 quem
1074 1413 1205 1453 finxit
1240 1413 1347 1452 olim
1380 1412 1522 1452 fuisse
1557 1422 1783 1462 graecum
1817 1410 1960 1449 Aeso-

255 1497 363 1537 pum
403 1486 460 1525 ad
493 1485 745 1525 Xanthum.
781 1485 912 1524 cuius
944 1497 1080 1524 nemo
1116 1484 1331 1535 antiquus
1365 1482 1565 1534 scriptor
1597 1493 1817 1533 umquam
1850 1479 1960 1520 iecit

255 1556 559 1596 mentionem!
595 1556 677 1596 sed
710 1556 829 1596 haec
863 1556 1193 1606 relinquamus.
1220 1555 1278 1594 ad
1304 1566 1422 1606 quae
1448 1553 1727 1605 explicanda
1750 1563 1866 1604 opus
1889 1558 1961 1591 est

255 1629 396 1678 longa
432 1634 476 1667 et
510 1627 735 1679 peculiari
765 1627 1092 1678 disputatione.
1118 1626 1192 1665 hic
1217 1633 1374 1666 autem
1397 1625 1442 1665 id
1465 1624 1754 1676 potissimum
1778 1622 1961 1673 agimus

256 1706 303 1738 ut
339 1699 564 1750 quasdam
598 1697 781 1738 fabulas
814 1698 1051 1749 prosarias
1084 1697 1297 1737 Phaedro
1332 1696 1636 1735 vindicemus.

406 1805 624 1856 Sequitur
658 1814 704 1845 ut
739 1805 794 1845 de
829 1817 1005 1855 genere
1039 1819 1071 1844 π
1100 1816 1252 1856 pauca
1285 1803 1508 1843 dicamus.
1534 1802 1591 1841 de
1617 1813 1706 1852 quo
1732 1812 1836 1840 esse
1861 1811 1962 1851 pos-

257 1888 358 1916 sum
393 1877 562 1927 brevis,
599 1877 721 1927 quod
755 1876 811 1915 de
837 1876 935 1915 eius
958 1875 1323 1927 proprietatibus
1348 1872 1743 1913 commentatione
1767 1870 1784 1910 I
1807 1870 1961 1920 singil-

257 1947 386 1987 latim
420 1946 665 1998 disputavi.
701 1959 853 1998 neque
889 1947 1011 1986 enim
1044 1946 1129 1986 nisi
1164 1952 1241 1986 uut
1277 1943 1314 1982 Φ
1347 1952 1425 1985 aut
1459 1959 1480 1995 q
1521 1949 1649 1983 extat
1674 1942 1782 1982 licet
1807 1941 1963 1981 diiudi-

259 2030 369 2058 care
393 2018 551 2058 fabula
574 2018 708 2057 huius
731 2018 919 2069 generis
941 2032 973 2057 π
993 2030 1019 2057 3
1044 2017 1256 2057 Phaedro
1282 2015 1510 2066 originem
1535 2013 1774 2065 acceperit
1797 2024 1961 2058 necne,

258 2095 439 2142 tantum
472 2089 611 2129 distat
644 2089 733 2129 hoc
767 2101 916 2139 genus
949 2088 1220 2128 universum
1255 2100 1280 2127 3
1313 2086 1526 2126 Phaedro
1559 2083 1816 2136 principali.
1842 2083 1964 2134 quod

261 2160 493 2211 quomodo
539 2172 587 2200 se
637 2161 809 2200 habeat
850 2168 898 2200 ut
938 2160 1194 2199 illustretur
1235 2158 1349 2198 satis
1392 2156 1476 2196 erit
1515 2167 1657 2195 unum
1698 2152 1965 2205 exemplum

262 2231 449 2270 afferre.

778 2333 976 2379 CANIS
1010 2330 1455 2378 PARTVRIENS.

522 2425 803 2466 1-19B<sm
1465 2417 1704 2456 ‹15119P

263 2509 428 2546 Blanda
462 2509 597 2545 verba
631 2501 817 2545 hominis
850 2509 951 2544 mali
977 2518 1072 2554 gra·
1149 2506 1322 2542 Habent
1361 2504 1541 2541 insidias
1580 2502 1767 2540 hominis
1800 2500 1965 2537 blandi-

380 2590 456 2616 ves
492 2580 654 2615 faciunt
687 2579 881 2615 iniurias.
1268 2577 1353 2613 1136
1387 2576 1489 2612 111311

263 2652 379 2697 Quas
412 2656 457 2687 ut
490 2661 640 2687 omnes
673 2651 859 2686 vitemus
892 2649 1075 2686 subiecti
1153 2659 1260 2695 quas
1298 2652 1343 2684 ut
1375 2647 1562 2683 vitemus
1594 2654 1749 2680 versus
1782 2641 1964 2678 subiecti

381 2732 536 2758 versus
569 2728 756 2759 monent.
1273 2706 1475 2755 monent·

384 2802 393 2819 ¹
423 2804 601 2836 Romulus
630 2804 726 2836 enim
755 2819 797 2822 —
826 2803 921 2842 quod
949 2811 981 2841 p.
1009 2800 1061 2831 IX
1090 2798 1469 2831 commemoravimus
1505 2812 1542 2816 —
1571 2795 1714 2826 duabus
1743 2791 1968 2825 collectioni-

265 2865 333 2895 bus
373 2874 459 2895 usus
498 2865 713 2895 estzaltera
751 2859 790 2901 R,
818 2862 853 2892 id
883 2866 939 2891 est
967 2860 1119 2899 Aesopo
1147 2858 1192 2890 ad
1221 2858 1357 2889 Rufum
1387 2858 1446 2891 (de
1476 2865 1546 2896 quo
1573 2865 1632 2895 pp.
1660 2854 1712 2884 IX
1743 2853 1820 2893 sq),
1849 2852 1969 2883 altera

265 2924 327 2954 illa
355 2924 450 2954 unde
478 2924 761 2954 Ps.-Dositheus
790 2929 934 2961 quoque
962 2918 1114 2949 fabulas
1142 2918 1307 2958 sumpsit.
