2152 3229
242 109 297 148 40
799 125 943 156 vhaedri
970 125 1079 156 soluti
1107 125 1242 157 tabuiae
1271 126 1376 158 xxx

243 228 372 277 Quae
407 228 514 267 dum
550 239 654 267 cum
689 228 764 267 illa
798 228 925 268 foras
957 228 1001 268 in
1035 241 1197 279 agrurn
1232 230 1411 271 exiret·

241 298 345 337 ilico
380 298 607 348 accipiter
638 299 935 350 supervenit·

241 368 297 408 Et
337 369 723 419 comprehensum
759 382 975 410 anserem
1008 372 1561 421 unguibus-devoravit·

194 524 208 551 .·
242 511 326 550 Cui
360 523 498 550 anser
531 512 848 563 econt1·a·qui
882 525 931 552 se
965 518 1060 553 tam
1095 513 1234 553 flebili
1267 521 1464 565 patrono
1503 515 1765 567 coniungit·

240 652 387 703 peiori
420 665 537 693 nece
572 653 690 693 finiri
724 654 888 694 debet·

241 723 316 774 qui
349 736 399 763 se
435 725 492 763 ab
526 723 612 764 illis
645 724 831 765 defendi
865 726 1159 766 desiderant·

241 794 317 845 qui
350 795 628 835 tutationem
660 804 904 847 praestare
938 809 1027 836 non
1063 805 1269 848 possunt.

358 959 587 994 Adnotatio.
638 958 912 995 Lacunarum
952 960 1077 1006 signa
1116 960 1157 996 in
1198 971 1220 996 a
1260 961 1571 1007 interponenda
1611 968 1732 998 erant
1771 962 1938 999 duobus

240 1011 355 1046 locis.
396 1011 482 1047 hiat
521 1012 634 1047 enim
674 1012 860 1058 primum
899 1013 1010 1049 inter
1047 1024 1198 1049 versus
1230 1017 1252 1049 9
1280 1020 1320 1050 et
1348 1015 1386 1050 11
1417 1014 1566 1059 oratio,
1594 1025 1678 1051 non
1707 1016 1809 1052 satis
1838 1021 1937 1063 apta

241 1066 503 1104 narratione:
533 1065 686 1102 deinde
714 1065 823 1101 inter
849 1077 1001 1102 versus
1031 1066 1073 1102 13
1099 1073 1139 1102 et
1168 1068 1210 1102 15
1236 1068 1477 1103 orationem
1504 1068 1545 1103 in
1575 1078 1597 1103 a
1625 1078 1719 1104 esse
1740 1080 1938 1105 mancam

241 1128 291 1153 ex
324 1129 374 1154 eo
408 1119 669 1165 intellegitur
696 1119 822 1166 quod,
849 1125 893 1155 ut
921 1120 1054 1156 verba
1080 1120 1122 1155 in
1150 1132 1174 1156 a
1200 1126 1297 1156 sunt
1324 1121 1508 1167 posteris
1536 1121 1702 1164 tradita,
1730 1122 1801 1158 illa
1828 1133 1938 1169 quae

240 1172 435 1217 proxime
461 1180 698 1219 sequuntur
729 1172 808 1208 Cui
824 1183 950 1208 anser
967 1176 1135 1209 econtra
1154 1174 1311 1210 habent
1332 1184 1415 1220 quo
1435 1174 1677 1210 referantur
1695 1175 1808 1211 nihil.
1829 1186 1939 1222 quae

240 1225 374 1260 verba
406 1235 491 1261 non
520 1226 711 1272 accipitri
739 1225 814 1262 sed
843 1226 1035 1262 ciconiae
1063 1226 1173 1263 dicta
1201 1232 1298 1263 sunt
1325 1227 1497 1263 scilicet.
1527 1228 1641 1274 quod
1668 1228 1807 1274 ipsum
1836 1229 1939 1264 illud

240 1281 407 1314 econtra
435 1287 493 1317 (Ξ
521 1282 680 1323 contra)
710 1279 910 1323 declarat,
939 1280 1053 1327 quod
1081 1290 1337 1326 responsum
1365 1274 1579 1326 significat
1608 1281 1853 1328 indicatque
1881 1282 1938 1317 in-

240 1341 435 1378 sequens.
470 1333 612 1379 itaque
646 1333 779 1368 verba
812 1333 956 1369 verbis
989 1334 1183 1370 ciconiae
1210 1334 1404 1370 referens
1431 1334 1512 1370 1106
1539 1335 1637 1370 1060
1667 1345 1794 1371 anser
1820 1335 1938 1371 indu-

241 1384 360 1420 citur.
390 1406 430 1409 —
460 1387 493 1421 2.
522 1386 676 1422 crebris
701 1386 854 1433 scripsi
883 1387 1005 1422 metri
1034 1398 1165 1423 causa
1183 1398 1188 1423 :
1206 1386 1467 1423 creberrimas
1495 1398 1529 1423 a.
1559 1408 1601 1412 »-
1629 1389 1686 1424 13.
1704 1387 1796 1433 fert
1816 1393 1939 1434 prae·

240 1437 340 1473 dam
375 1439 537 1475 conieci
555 1451 560 1475 :
578 1439 797 1476 devoravit
829 1451 862 1476 a.
892 1440 1006 1487 quod
1040 1440 1073 1476 si
1102 1451 1253 1476 verum
1282 1446 1407 1485 esset,
1435 1441 1560 1477 huius
1588 1441 1757 1495 fabulae
1785 1447 1936 1478 auctor

240 1493 433 1539 sequenti
467 1504 594 1529 versu
630 1494 673 1528 15
700 1494 870 1530 fecisset
897 1504 1095 1529 anserem
1123 1493 1377 1530 devoratum
1405 1494 1532 1541 loqui,
1561 1494 1675 1540 quod
1703 1494 1939 1531 absurdum

241 1552 314 1582 est.
342 1568 385 1571 —
419 1548 478 1582 15.
506 1546 689 1582 moriens
716 1547 872 1583 addidi.
900 1547 956 1583 ita
984 1547 1173 1583 fabulam
1201 1547 1406 1583 claudunt
1432 1547 1565 1583 verba
1594 1547 1826 1593 morientis,
1855 1558 1938 1594 quo

240 1600 418 1645 gravior
444 1601 496 1636 511
524 1600 725 1637 monendi
753 1602 817 1636 vis
845 1600 1025 1636 fabulae.
1055 1600 1169 1647 quod
1197 1601 1237 1636 in
1266 1601 1409 1637 multis
1429 1600 1473 1637 111
1492 1601 1647 1636 fabulis
1666 1600 1862 1643 Phaedri,
1884 1607 1938 1645 ut,

241 1653 310 1700 qui
338 1654 463 1690 stulte
491 1659 561 1689 aut
586 1665 720 1700 prave
748 1655 895 1700 egerit,
924 1654 1167 1690 calamitate
1195 1654 1387 1699 edoctus,
1416 1654 1664 1690 imminente
1684 1660 1822 1690 morte
1842 1655 1938 1691 stul-

239 1707 374 1742 titiam
401 1718 524 1743 suam
553 1714 725 1743 accuset
752 1708 918 1754 sibique
945 1708 1036 1754 ipse
1064 1708 1240 1754 imputet
1270 1718 1395 1743 suum
1424 1707 1608 1743 exitium.
1636 1707 1693 1743 ita
1723 1712 1753 1744 Φ
1780 1707 1795 1743 I
1825 1707 1940 1744 1212

241 1761 429 1797 moriens
463 1771 617 1797 cervus
651 1761 751 1797 dum
785 1762 1000 1797 laceratur
1028 1772 1051 1797 a
1079 1761 1274 1805 canibus,
1304 1764 1335 1796 Φ
1363 1761 1377 1796 Ι
1403 1761 1461 1797 31.
1491 1760 1534 1796 13
1561 1760 1762 1797 columba
1787 1760 1939 1797 videns

240 1814 320 1850 sibi
348 1820 530 1850 mortem
558 1815 717 1850 instare
746 1814 797 1850 ab
827 1814 1040 1860 accipitre,
1068 1829 1096 1860 ῳ
1123 1814 1243 1850 XIIII
1266 1813 1313 1850 ‘25
1332 1814 1522 1850 moriens
1542 1815 1691 1860 vulpes
1712 1814 1812 1849 dum
1832 1814 1939 1849 1366-

240 1873 359 1903 ratur
387 1878 409 1903 a
438 1868 627 1913 canibus,
654 1881 683 1913 φ
710 1867 811 1903 XVI
839 1867 859 1902 7
888 1868 1066 1903 arbores
1095 1867 1195 1903 dum
1225 1867 1466 1903 caeduntur
1492 1868 1644 1910 5661111,
1672 1883 1700 1915 φ
1728 1866 1869 1902 XXIX
1897 1866 1940 1902 12

241 1921 352 1957 aries
380 1921 481 1957 dum
510 1921 561 1956 ab
589 1921 702 1957 lanio
730 1921 911 1957 trahitur
938 1920 992 1957 ad
1019 1926 1214 1957 mortem.

358 1974 476 2010 Haec
504 1975 647 2011 fabula
674 1985 813 2021 neque
840 1980 952 2010 extat
978 1975 1057 2010 nisi
1086 1975 1125 2010 in
1155 1985 1176 2009 a
1203 1985 1340 2021 neque
1369 1981 1431 2010 est
1458 1984 1629 2020 graeca.
1657 1974 1770 2021 quod
1793 1974 1938 2020 sciam,

240 2029 323 2064 ulla
352 2028 494 2064 fabula
521 2029 712 2075 Aesopia
739 2028 932 2064 eiusdem
960 2028 1215 2074 argumenti.

356 2082 671 2118 Phaedrianam
699 2092 794 2118 esse
821 2082 929 2117 hanc
958 2082 1147 2117 fabulam
1174 2081 1250 2117 has
1280 2081 1334 2117 ob
1365 2092 1517 2118 causas
1545 2081 1853 2117 existimamus.

358 2135 561 2179 Primum,
583 2135 697 2182 quod
716 2146 765 2171 ex
785 2146 836 2171 ea
856 2135 977 2171 metri
1000 2135 1267 2171 restitutione
1283 2146 1412 2182 quam
1428 2145 1559 2183 stupra
1577 2134 1772 2170 dedimus
1790 2135 1938 2176 6111661,

239 2189 428 2225 senarii
469 2190 586 2231 tales,
626 2190 774 2236 quales
816 2188 1034 2225 Phaedrus
1073 2188 1222 2224 solitus
1255 2194 1318 2224 est
1352 2198 1555 2234 pangere.
1590 2187 1713 2223 facile
1749 2194 1788 2224 et
1816 2188 1938 2235 quasi

240 2249 391 2289 sponte
424 2242 603 2278 redeunt
635 2243 871 2279 verborum
897 2242 1048 2278 ordine
1075 2242 1272 2278 restituto
1302 2248 1341 2278 et
1368 2241 1662 2287 redintegrata
1690 2242 1940 2288 antiquitate

240 2296 464 2332 sermonis.
1265 2312 1285 2316 -

359 2350 448 2386 Iam
482 2350 724 2386 dictionis
759 2350 1053 2396 antiquitas,
1091 2356 1131 2386 et
1164 2361 1214 2386 ea
1240 2349 1437 2385 Phaedro
1465 2349 1630 2393 similis,
1659 2348 1773 2395 quod
1801 2359 1851 2384 ex
1878 2358 1938 2384 re-

241 2404 442 2440 censione
470 2415 599 2450 quam
626 2415 757 2450 supra
783 2403 1061 2450 praebuimus
1090 2409 1277 2449 apparet,
1297 2404 1481 2449 pellucet
1499 2413 1577 2449 per
1596 2401 1938 2448 interpolationis

240 2457 432 2493 novicias
461 2463 499 2493 et
527 2457 790 2493 adventicias
818 2456 979 2492 sordes.
1034 2456 1044 2491 l
1069 2456 1239 2491 solz'tmn
1263 2462 1466 2501 stagnum
1487 2455 1666 2501 poetice.
1687 2455 1736 2491 cf.
1759 2454 1938 2490 Ovidius

241 2511 291 2546 A.
319 2511 370 2547 A.
399 2510 454 2546 III
482 2511 549 2546 727
575 2510 722 2546 solitas
748 2510 858 2546 iacet
884 2510 953 2546 ille
980 2520 1057 2556 per
1083 2510 1252 2550 herbas,
1279 2509 1322 2546 F.
1350 2508 1406 2545 IV
1426 2509 1495 2545 687
1513 2508 1666 2544 solitas
1684 2508 1940 2544 intravisz

243 2564 382 2600 aedes.
416 2585 458 2588 —-
492 2567 698 2607 stagnum
731 2579 762 2592 ω
791 2566 822 2598 Φ
849 2563 864 2598 I
890 2564 922 2599 6.
950 2564 972 2599 6
997 2562 1148 2607 stagni
1171 2563 1314 2599 incola
1342 2568 1489 2603 (rana),
1515 2561 1548 2598 2.
1582 2562 1623 2597 17
1651 2572 1673 2597 e
1699 2564 1867 2606 stagno.
1896 2582 1938 2585 —

240 2617 263 2652 2
294 2628 338 2652 se
364 2619 623 2662 mergentem
650 2616 776 2652 undas
802 2633 845 2645 z
874 2617 1006 2663 aquis,
1034 2617 1211 2663 poetice.
1249 2616 1298 2652 cf.
1329 2615 1507 2652 Ovidius
1542 2614 1585 2650 F.
1616 2614 1652 2650 ΙΙ
1678 2614 1747 2650 389
1774 2624 1939 2650 mersus

241 2670 468 2706 Tiberinus
508 2670 549 2706 in
589 2669 724 2713 undis,
756 2669 809 2705 M.
850 2669 908 2705 IV
944 2669 1010 2705 102
1041 2669 1154 2705 sitim
1188 2670 1321 2705 multa
1355 2668 1623 2715 compescuit
1659 2667 1784 2703 mula.
1820 2688 1861 2692 —
1895 2677 1939 2702 se
