2152 3229
140 1475 182 1505 10

140 1828 182 1858 15

139 2179 184 2209 20

779 200 870 232 Fab.
897 200 998 232 XIV.
1050 200 1192 242 Vulpes
1218 201 1343 233 invida
1729 199 1735 201 ·
1855 189 1911 230 29

212 303 255 334 et
288 298 418 344 lupo:
441 299 543 346 quid
571 310 621 336 ea
649 300 793 337 fabula
821 301 960 348 aptius
989 301 1043 338 ad
1070 301 1414 339 misericordiam
1441 303 1701 340 movendam
1728 304 1911 340 inveniri

212 352 374 397 potest?
411 354 480 389 vel
515 357 546 389 Φ
580 353 637 390 ΙΙΙ
674 353 716 390 15
741 354 1032 401 pulcherrima
1059 355 1130 391 illa
1156 355 1300 391 fabula
1328 355 1380 392 de
1407 366 1521 402 agno
1550 361 1591 393 et
1617 357 1782 403 capella
1809 357 1910 404 agni

212 404 390 442 nutrice.
416 406 493 442 sed
520 407 698 453 longum
725 413 789 444 est
815 408 916 443 talia
935 418 1190 444 enumerare
1209 409 1366 445 omnia.
1385 420 1486 445 nam
1504 409 1698 456 profecto
1718 420 1796 457 pro
1816 421 1910 458 por·

212 456 328 493 tione
354 459 477 504 plura
505 460 559 496 ad
586 460 752 496 animos
780 471 880 496 mov
885 460 1020 497 endos
1047 466 1145 507 apta
1171 461 1213 497 in
1239 461 1520 498 Phaedrianis
1546 463 1665 499 libris
1691 474 1820 510 quam
1841 469 1912 500 aut

212 509 255 545 in
281 509 427 547 Babrii
455 518 527 549 aut
553 513 595 549 in
623 514 776 550 ceteris
802 513 1005 560 Aesopiis
1032 514 1203 559 graecis
1229 514 1484 551 invenimus.

396 728 534 774 XIV.
598 729 872 775 VVLPES
906 729 1160 775 INVIDA.
1225 735 1422 774 slletrnm
1456 735 1732 777 restitutmn.

210 828 386 879 [Bonos
417 827 657 879 malosque
682 828 866 879 pariter
897 828 1106 868 Fortuna
1138 828 1342 868 adiuvat.

212 898 368 948 Quare
402 899 696 938 aemulantur
728 898 806 945 z'llz‘,
843 910 958 949 quos
991 911 1083 938 non
1117 899 1321 949 adiuvat,

210 969 269 1008 Et
303 968 444 1009 corde
477 969 524 1008 in
557 969 821 1009 fortunatos
853 969 1050 1009 livorem
1084 971 1280 1021 gerunt?

210 1040 351 1092 Ipsos
381 1040 559 1080 malitia
591 1051 676 1080 sua
708 1040 937 1080 subvertit
969 1041 1228 1092 postmodo.

212 1110 388 1151 Contra
419 1122 536 1162 quos
569 1117 734 1151 auctor
764 1112 907 1151 talem
939 1111 1132 1163 scripsit
1162 1111 1397 1166 fabulam]

209 1181 368 1233 Lupus
399 1181 446 1221 in
479 1181 631 1222 cubile
664 1182 890 1233 praedam
925 1190 1321 1234 congregaverat,

210 1252 270 1293 Ut
302 1253 460 1303 plures
492 1260 652 1304 posset
686 1265 874 1293 menses
907 1253 1087 1293 deliciis
1119 1253 1222 1294 frui.

209 1322 386 1375 Vulpes
418 1330 467 1363 ut
499 1324 630 1364 novit
663 1324 721 1363 ad
756 1324 908 1364 cubile
944 1322 1044 1363 eius
1077 1323 1218 1365 venit.

209 1394 535 1446 Tremula[que
568 1406 621 1434 ac
652 1394 794 1447 tenui]
833 1407 947 1435 voce
982 1395 1048 1435 sic
1083 1395 1195 1436 dixit
1228 1398 1355 1448 lupo:

214 1463 464 1517 »Recte[ne
496 1465 622 1518 tibiPJ
660 1478 752 1505 non
786 1466 879 1505 vidi
913 1472 958 1505 te
992 1472 1060 1506 tot
1093 1478 1178 1517 per
1210 1467 1323 1508 dies.

211 1535 329 1586 Quia
360 1547 453 1575 non
485 1536 751 1587 peragrasti
785 1536 985 1589 [mecum
1018 1537 1182 1591 agros]
1222 1538 1365 1579 tristis
1399 1539 1503 1579 fui».

209 1606 385 1658 Lupus:
425 1606 634 1658 »Livore‚
669 1607 725 1647 de
759 1619 833 1647 me
868 1608 994 1646 hand
1023 1607 1225 1649 sollicita
1257 1610 1465 1651 advenis.

210 1676 314 1717 Non
345 1677 506 1729 gratis,
534 1690 704 1717 *verum
738 1685 786 1718 ut
820 1678 992 1730 aliquid
1025 1679 1233 1730 accipias
1268 1680 1434 1733 [lucri]

211 1747 317 1789 Scio
349 1747 512 1788 fraude
546 1748 657 1788 med
691 1755 737 1789 te
770 1757 933 1800 petere
968 1750 1031 1802 [et
1063 1750 1252 1803 insidiis]
1265 1767 1281 1787 >>
1319 1751 1394 1792 ait.

208 1819 334 1860 Irata
365 1820 531 1871 vulpes
564 1819 676 1859 adiit
708 1826 949 1871 pastorem
981 1822 1154 1873 gregis.

214 1890 371 1941 »Ages
402 1890 537 1930 mihi»
576 1890 721 1942 inquit
759 1892 974 1943 »gratias,
1009 1892 1147 1932 hodie
1181 1893 1246 1933 tui

212 1960 382 2012 Gregis
414 1960 451 2001 si
483 1961 565 2001 tibi
597 1961 833 2002 inimicum
867 1962 1103 2003 tradidero
1140 1962 1200 2016 [in
1232 1963 1427 2016 manus,]

210 2032 271 2072 Ut
302 2031 395 2072 iam
427 2044 519 2072 non
552 2032 614 2072 sis
647 2032 873 2073 sollicitus
908 2033 1091 2086 [ovibus
1121 2040 1208 2086 pro
1244 2034 1405 2087 tztz's]?»

210 2102 377 2142 Pastor
413 2102 545 2143 »tibh
581 2103 727 2155 inquit
765 2104 991 2144 »tribuam
1026 2104 1243 2156 quicquid
1276 2105 1521 2146 volueris.»

215 2172 421 2226 [Vulpes]
457 2174 660 2213 ostendit
693 2174 800 2215 ilico
836 2177 1045 2216 clausum
1078 2176 1250 2227 lupum.

213 2243 362 2294 Quem
393 2245 562 2284 lancea
592 2245 791 2295 peremit
825 2245 1018 2299 [pastor]
1053 2246 1276 2297 protinus,

211 2314 521 2366 Vulpeculam
555 2321 601 2355 et
633 2316 862 2356 saturavit
896 2318 1048 2357 alieno
1083 2319 1328 2358 aemulam.

211 2385 261 2426 In
292 2391 547 2425 venatores
583 2384 782 2439 [vulpes]
818 2387 992 2439 deinde
1027 2388 1127 2439 ipsa
1159 2387 1332 2428 incidit.

213 2456 504 2507 Comprensa
535 2457 645 2495 dum
678 2456 884 2497 laniatur
916 2469 943 2498 a
977 2459 1184 2509 canibus,
1223 2458 1446 2511 [gemens]

141 2539 181 2554 ·-
217 2526 375 2566 »Mem
410 2525 556 2578 inquit
593 2527 674 2566 »ob
708 2527 958 2568 malefacta
991 2541 1149 2580 pereo,
1184 2541 1301 2581 quae
1332 2530 1470 2570 modo

213 2596 391 2643 Occidiv
413 2596 616 2650 [fraude]
652 2597 745 2637 feci
781 2597 839 2650 [et
862 2600 1076 2652 perfidia]
1113 2601 1355 2641 alterum».

212 2667 396 2708 Timeat
430 2668 506 2719 qui
538 2668 698 2708 nocuit
735 2668 869 2722 [ltine]
904 2681 962 2709 ne
996 2676 1223 2710 noceatur
1259 2670 1394 2724 [sibl]

212 2776 387 2814 modum
420 2787 503 2813 sua
527 2777 733 2814 snbvertit
758 2777 1108 2815 771alztm.6012t7a
1134 2790 1239 2824 qnos
1266 2783 1413 2816 auctot
1439 2780 1566 2816 talem
1592 2780 1827 2826 composuit
1841 2780 1913 2825 fa-

213 2830 371 2866 bulam.
399 2851 442 2855 —
469 2832 502 2866 1.
531 2830 710 2867 adamat
734 2831 910 2877 scripsi:
927 2831 1048 2867 iuvat
1074 2831 1120 2867 B.
1148 2832 1198 2868 cf.
1228 2837 1259 2869 Φ
1286 2832 1302 2868 Ι
1327 2833 1360 2869 8
1387 2832 1420 2877 2
1447 2832 1488 2869 V
1512 2832 1545 2869 2.
1572 2833 1595 2870 8
1621 2839 1662 2869 et
1687 2833 1913 2870 Terentius

213 2874 384 2919 Phorm.
417 2883 498 2927 203
533 2883 620 2920 Cic.
653 2884 778 2921 Tusc.
814 2884 850 2920 II
883 2885 983 2921 411
1013 2884 1165 2921 Fortes
1192 2884 1384 2921 Fortuna
1410 2885 1609 2922 adiuvat.
1624 2886 1745 2922 lutat
1771 2892 1913 2923 autem

213 2936 256 2971 in
277 2937 309 2970 Φ
325 2936 541 2983 significat
559 2937 732 2973 delectat
753 2942 784 2974 Φ
802 2937 859 2973 IX
879 2938 911 2973 7.
930 2937 986 2973 22.
1015 2959 1059 2962 -
1084 2940 1118 2973 9.
1139 2938 1403 2984 {remumque
1421 2949 1471 2975 ac
1488 2939 1605 2975 teum
1619 2949 1717 2975 voce
1735 2940 1911 2986 scripsi.
