2152 3229
593 136 682 176 Cap·
710 135 773 167 IV.
826 136 880 166 De
907 135 1051 166 ratione
1079 136 1211 165 harum
1239 134 1485 166 vindiciarum
1700 133 1889 159 LXXXVII

188 239 416 289 invenias,
466 239 553 279 nisi
602 238 720 279 forte
763 240 899 290 culpa
931 238 1238 279 librariorum.
1272 238 1513 278 Phaedrus
1547 245 1617 278 est
1650 238 1890 278 veteribus

190 310 341 360 poetis
386 309 618 350 scaenicis
658 309 811 349 latinis
844 311 988 349 multo
1021 308 1235 358 limatior,
1271 316 1329 359 et,
1364 308 1450 348 nisi
1483 309 1605 360 quod
1640 308 1741 348 illos
1775 320 1889 360 quos

189 379 389 420 diximus
413 381 647 431 spondeos
671 380 884 427 admittit,
910 380 968 420 ad
992 380 1224 420 Senecam
1248 380 1435 431 propius
1459 380 1663 429 accedit;
1688 391 1889 430 quocum

189 451 405 501 congruit
433 463 538 490 cum
563 458 701 491 cauto
725 462 811 490 usu
830 450 1033 490 elisionis
1055 457 1100 490 et
1123 462 1293 490 vocum
1318 451 1746 501 monosyllabarum
1766 457 1810 490 et
1828 450 1888 489 bi-

191 521 405 561 brevium
440 528 485 562 et
519 521 748 572 exquisita
772 521 850 560 illa
873 521 1053 561 ratione
1075 532 1322 560 caesuram
1343 526 1387 560 et
1409 520 1582 560 exitum
1603 532 1767 560 versus
1787 533 1889 560 con-

190 592 433 632 formandi.
459 591 734 644 quibusdam
758 604 872 630 vero
892 592 1032 631 rebus
1054 590 1293 630 Phaedrus
1315 590 1574 630 restrictior
1599 598 1669 630 est
1693 590 1887 636 Seneca,

191 663 246 702 de
283 674 371 714 quo
395 663 566 702 HAVET
588 674 631 714 p.
660 663 754 712 158,
784 662 877 709 160,
908 662 999 701 161.
1025 661 1223 700 Phaedri
1246 661 1418 700 senarii
1442 672 1580 712 quam
1603 661 1693 700 sint
1716 661 1889 701 similes

187 733 411 773 trimetris
459 732 672 772 Senecae
721 732 892 772 Avieni
939 732 1134 771 Ausonii
1183 731 1419 771 Prudentii
1462 738 1507 771 et
1556 731 1663 782 quid
1711 732 1768 770 ab
1803 732 1889 771 illis

186 803 408 843 differant
458 815 516 843 ex
563 803 652 843 hoc
699 804 914 854 exemplo
967 804 1287 843 elucet.nam
1338 814 1443 842 cum
1476 802 1717 842 Phaedrus
1749 802 1813 842 IV
1848 804 1886 842 6.

194 874 243 914 10
276 874 541 926 scripsisset
581 874 774 926 Capacis
807 874 910 913 alvi
937 874 1098 913 mersit
1130 877 1334 913 tartareo
1368 879 1520 924 specu,
1548 873 1589 912 id
1612 873 1889 913 Prudentius

186 944 392 985 imitatus
424 944 610 995 scripsit
653 944 863 984 Cathem.
898 944 983 984 VH
1022 944 1100 983 115
1135 944 1249 983 Alvz‘
1276 944 1463 996 capacis
1496 944 1638 983 vivus
1670 945 1889 983 lzanm'tm·

183 1021 341 1067 specu,
377 1016 451 1067 qui
484 1022 532 1055 ut
567 1028 626 1055 ex
659 1016 843 1055 senario
878 1015 1010 1054 tieret
1043 1015 1256 1054 trimeter
1290 1026 1373 1066 pro
1410 1015 1558 1066 quarti
1592 1015 1724 1066 pedis
1756 1027 1887 1065 spon-

185 1086 276 1126 deo
322 1086 555 1126 substituit
605 1086 821 1126 iambum.

306 1157 364 1197 ad
396 1158 481 1197 has
514 1169 626 1197 vero
662 1156 961 1209 quaestiones
995 1164 1182 1196 nostras
1215 1157 1371 1207 magni
1406 1156 1627 1196 momenti
1661 1164 1730 1197 est
1765 1157 1887 1207 quod

148 1244 150 1247 ’
187 1227 428 1268 Phaedrus
477 1229 604 1268 solus
652 1228 773 1267 inter
820 1235 985 1279 poetas
1033 1227 1260 1267 iambicos
1301 1227 1539 1267 Romanos
1573 1239 1654 1267 eos
1688 1227 1763 1278 qui
1796 1227 1887 1266 fue-

186 1305 295 1338 runt
344 1305 500 1338 aetate
550 1298 854 1350 imperatoria
900 1322 952 1326 ——
999 1299 1035 1338 si
1077 1310 1102 1337 a
1137 1298 1279 1338 titulis
1312 1298 1587 1349 quibusdam
1620 1298 1769 1349 plebis
1803 1298 1887 1338 dis-

190 1369 391 1410 cesseris
441 1394 492 1397 -—
539 1382 631 1409 non
679 1369 804 1409 veris
843 1369 1065 1409 trimetris
1115 1369 1197 1408 sed
1230 1368 1426 1409 senariis
1460 1380 1570 1408 usus
1606 1376 1707 1409 est.
1734 1381 1887 1420 quam<

186 1441 349 1480 obrem
382 1440 551 1480 senarii
585 1440 630 1480 in
662 1440 829 1480 fabulis
862 1440 1083 1492 prosariis
1107 1440 1205 1479 sive
1232 1447 1419 1480 exstant
1441 1439 1612 1490 integri
1636 1440 1734 1479 sive
1758 1440 1886 1479 resti-

186 1518 377 1551 tuuntur
410 1510 725 1562 probabiliter,
761 1523 921 1550 eorum
954 1511 1245 1550 senariorum
1280 1518 1444 1550 auctor
1472 1523 1562 1550 non
1593 1510 1708 1550 alius
1739 1511 1886 1561 potuit

190 1594 292 1621 esse
325 1581 412 1621 nisi
442 1582 701 1630 Phaedrus;
728 1593 832 1621 cum
856 1582 1133 1633 praesertim
1158 1581 1343 1621 fabulae
1368 1582 1608 1632 prosariae
1634 1593 1659 1620 a
1683 1594 1726 1620 w
1749 1593 1770 1620 r
1792 1583 1883 1632 ple-

186 1664 362 1704 raeque
397 1653 453 1692 ab
488 1652 565 1692 illo
600 1652 726 1692 t'onte
760 1652 992 1692 manarint
1028 1686 1034 1692 .
1070 1652 1281 1691 nimirum
1318 1664 1373 1691 ea
1402 1652 1537 1691 metri
1560 1652 1731 1692 indicia
1756 1660 1886 1691 certa

188 1735 292 1763 esse
339 1724 512 1762 debent
557 1730 602 1763 et
651 1724 927 1763 elocutionis
975 1723 1154 1763 indiciis
1189 1723 1451 1763 confirmari
1485 1732 1532 1763 ut
1565 1735 1641 1763 res
1676 1735 1885 1774 compro-

186 1795 323 1834 betur
347 1827 354 1834 .
380 1794 668 1834 BUECHELER
691 1794 877 1845 quidem
901 1795 1022 1851 quod
1041 1807 1098 1834 m.
1119 1795 1185 1833 rh.
1206 1794 1330 1833 XLI.
1352 1796 1376 1833 3
1397 1794 1602 1834 fabulam
1621 1794 1746 1833 illam
1765 1794 1887 1845 apud

185 1865 330 1915 Greg.
380 1865 486 1905 Tur.
535 1864 597 1904 IV
638 1865 730 1905 146.
766 1865 821 1904 24
855 1877 881 1904 a
914 1865 1128 1904 Phaedro
1163 1865 1391 1915 originem
1425 1865 1598 1904 ducere
1634 1865 1883 1908 existimat,

188 1936 310 1987 quod
357 1936 515 1987 incipit
564 1937 621 1976 ab
670 1936 758 1976 hoc
809 1937 994 1975 senario
1031 1937 1234 1987 Serpens
1269 1936 1525 1987 ampullam
1558 1936 1667 1975 ῖίἰιο
1696 1936 1885 1987 plenam

186 2007 401 2059 repperit,
450 2006 493 2046 id
541 2006 650 2054 mihi
697 2019 786 2046 non
839 2007 1100 2058 persuasit.
1128 2019 1234 2046 nam
1277 2018 1390 2047 casu
1424 2007 1571 2058 potuit
1604 2007 1736 2046 nasci
1769 2018 1886 2046 unus

183 2078 398 2117 senarius
444 2085 539 2117 tam
587 2078 799 2117 abiectus
848 2079 892 2117 in
942 2090 997 2117 ea
1046 2077 1204 2118 fabula
1252 2078 1463 2129 prosaria
1512 2078 1588 2117 ubi
1636 2079 1760 2116 nulla
1796 2078 1885 2117 alia

186 2148 357 2188 indicia
391 2155 548 2188 essent
583 2156 713 2189 certa
747 2148 938 2199 originis
971 2149 1307 2188 Phaedrianae.

305 2219 369 2258 At
417 2219 539 2258 enim
586 2219 856 2259 universum
902 2220 990 2259 hoc
1025 2220 1225 2277 studium
1259 2227 1458 2259 metrum
1491 2219 1753 2258 fabularum
1787 2231 1885 2270 pro—

185 2289 415 2329 sariarum
463 2290 736 2330 restituendi
780 2291 1012 2342 quandam
1048 2291 1236 2341 collegit
1269 2290 1521 2339 infamiam,
1556 2296 1777 2341 tanquam
1810 2302 1883 2329 va-

187 2372 274 2400 nus
321 2359 378 2400 sit
426 2361 554 2400 lusus
600 2360 786 2411 ingenii,
821 2362 897 2412 qui
929 2361 1039 2401 nihil
1072 2362 1305 2412 pertineat
1339 2361 1397 2400 ad
1430 2361 1675 2401 scientiam
1712 2372 1882 2400 veram.

189 2442 326 2482 quam
360 2431 545 2482 quidem
577 2431 792 2471 meritam
824 2431 1061 2471 infamiam
1095 2444 1199 2472 esse
1235 2431 1564 2481 concesserIm‚
1600 2438 1739 2482 atque
1763 2432 1884 2471 unde

185 2507 290 2541 orta
336 2501 393 2541 sit
442 2501 579 2541 facile
623 2501 916 2552 perspicitur.
963 2515 1114 2554 neque
1152 2503 1273 2542 enim
1307 2515 1332 2542 a
1366 2502 1613 2553 philologis
1645 2492 1733 2542 illis
1768 2502 1883 2542 BUR-

186 2584 341 2612 MANNo
386 2572 652 2612 MUELLERO
687 2572 880 2623 aliisque
903 2570 928 2618 ¹,
977 2573 1189 2624 quamvis
1223 2573 1371 2613 doctis
1405 2579 1544 2624 atque
1580 2573 1743 2623 acutis,
1780 2585 1883 2612 cum

307 2690 317 2708 ¹
346 2679 507 2724 Phaedri
546 2693 634 2723 Fab.
675 2693 763 2723 Aes
803 2692 886 2723 libri
924 2693 958 2722 V
994 2693 1207 2723 emendavit
1247 2694 1436 2728 adnotavit
1476 2694 1661 2734 supplevit
1701 2693 1884 2723 Lccmxrs

188 2751 364 2782 MUELLER
402 2751 559 2792 Leipzig
596 2752 796 2786 (Teubner)
837 2752 940 2787 18773
978 2752 1139 2782 Phaedri
1177 2752 1266 2783 Fab.
1295 2753 1382 2782 Aes.
1410 2752 1493 2783 libri
1520 2752 1554 2781 V
1582 2758 1735 2783 curante
1764 2751 1884 2781 PETRo

187 2810 405 2845 chmxso,
433 2811 595 2842 Traiecti
634 2811 679 2842 ad
720 2811 786 2841 Rh.
825 2811 897 2841 [W.
937 2820 1008 2841 van
1047 2811 1092 2841 de
1133 2810 1277 2842 Water·›
1307 2810 1671 2841 17iS.Bi-R.xmxxi·.x1
1705 2810 1793 2841 nihil
1821 2817 1883 2841 aut
