2152 3229
173 1429 210 1456 11)

169 2137 210 2165 ’,Ἣ

235 130 291 171 28
680 137 700 149 ’
798 144 946 175 Phaedri
973 144 1082 176 soluti
1108 144 1244 176 fabulae
1271 145 1377 176 xxx

237 245 384 281 critica
419 245 811 282 demonstravimus
837 245 879 281 in
908 245 1144 292 archetypo
1170 244 1343 282 Romuli
1371 246 1502 283 fuisse
1528 257 1613 284 non
1641 247 1830 284 auritum
1857 248 1936 285 sed

236 308 381 341 (mmS,
410 298 523 344 quod
552 308 684 334 unum
712 298 1022 345 comprobatur
1047 298 1269 335 sententia.
1299 320 1340 324 -
1360 305 1580 346 postremo
1600 299 1745 338 Tmimz
1763 301 1843 338 hoc
1865 301 1933 338 ad-

237 350 363 387 didit:
385 351 514 387 >2auch
545 351 598 387 ist
625 362 671 388 es
699 351 1060 397 ausgeschlossen
1089 351 1188 388 dass
1217 351 1284 388 die
1310 352 1528 389 riihrende
1555 352 1693 390 Szene
1720 354 1934 391 zwischen

236 403 317 440 den
356 403 511 440 beiden
549 403 705 441 Tieren
743 403 895 451 jemals
933 404 975 440 in
1007 403 1204 441 Phadrus
1238 405 1477 451 gestanden
1503 405 1653 442 hatte».
1682 407 1803 453 quasi
1828 417 1936 443 vero

234 456 457 494 Phaedrus
495 457 599 494 nihil
637 457 691 494 ad
730 457 1076 494 misericordiam
1110 458 1369 494 movendam
1405 463 1551 505 aptum
1584 459 1626 495 in
1659 459 1747 496 suis
1781 459 1935 497 fabulis

235 509 471 556 scripserit!
505 520 627 547 sume
659 510 844 547 Phaedri
876 510 1045 556 librum,
1079 510 1218 557 incipe
1254 522 1279 547 a
1305 511 1445 558 prima
1472 511 1543 548 illa
1570 511 1713 548 fabula
1741 512 1794 549 de
1820 523 1941 560 agno

579 694 610 733 (ρ
644 675 781 721 XIV.
847 679 965 721 acl-0.
1030 675 1304 723 VVLPES
1336 676 1591 722 INVIDA.

237 1129 396 1181 Lupus
427 1128 473 1168 in
507 1129 659 1169 cubile
693 1140 776 1169 suo
809 1140 894 1180 per
927 1136 1113 1180 tempus
1145 1135 1192 1169 ut
1226 1134 1414 1169 menses
1446 1129 1644 1169 haberet
1667 1140 1758 1180 quo
1781 1130 1945 1181 plures

355 1207 515 1251 posset
554 1199 738 1240 delitias
776 1199 933 1239 fruere
972 1199 1226 1240 maximam
1266 1206 1647 1251 congregaverat
1681 1200 1905 1252 praedam
1930 1212 1942 1218 ’

238 1271 405 1322 Vulpis
436 1278 485 1311 ut
517 1271 637 1311 haec
671 1270 864 1321 agnovit
897 1270 1025 1311 venit
1059 1270 1119 1311 ad
1153 1270 1252 1311 eius
1287 1271 1464 1311 cubile·

238 1343 458 1382 Tremula
490 1341 635 1393 inquit
667 1354 802 1382 voce.

237 1420 368 1453 recte
412 1425 506 1453 non
544 1412 637 1452 vidi
676 1411 936 1453 te·Tristis
976 1412 1038 1452 iui
1078 1424 1161 1464 per
1201 1412 1301 1453 dies
1342 1412 1449 1465 quia
1490 1425 1582 1453 non
1622 1412 1940 1465 peragravisti

357 1484 404 1524 in
438 1484 515 1524 iis·

239 1556 409 1607 Lupus.
445 1555 616 1595 Livore
652 1555 737 1595 ait·
758 1566 850 1595 non
884 1555 941 1594 de
976 1566 1049 1595 me
1083 1554 1284 1595 sollicita
1316 1555 1511 1595 venisti·

240 1627 323 1667 sed
354 1634 404 1667 ut
437 1626 609 1677 aliquid
642 1625 870 1678 accipias·
891 1625 995 1665 Non
1028 1625 1176 1676 gratis
1208 1625 1379 1666 venisti

240 1699 337 1739 scio
372 1706 418 1739 te
453 1698 666 1738 fraudem
703 1703 890 1749 petere·

195 1784 208 1810 ;·
239 1771 309 1811 his
341 1770 499 1810 verbis
531 1769 668 1809 valde
701 1768 821 1808 irata
855 1769 976 1819 vulp.
1012 1774 1250 1819 pastorem
1284 1768 1441 1808 ovium
1475 1767 1609 1807 adiit·

241 1849 286 1882 et
331 1840 443 1881 dixit
487 1839 787 1889 illi·Ageres
831 1838 939 1878 mihi
983 1838 1161 1889 gratias
1205 1839 1243 1877 si
1281 1838 1361 1878 tibi
1399 1838 1637 1878 inimicum
1675 1837 1835 1889 gregis
1874 1837 1941 1878 tui

357 1912 494 1952 hodie
527 1911 765 1950 tradidero

240 1992 285 2025 et
317 1984 409 2024 iam
442 1995 534 2023 non
568 1982 631 2023 sis
664 1981 920 2022 sollicitus?

238 2056 428 2096 Pastor·
451 2054 665 2095 Serviam
698 2052 778 2092 tibi
813 2059 858 2092 et
891 2052 1091 2092 tribuam
1125 2051 1342 2104 quicquid
1376 2051 1605 2092 volueris·

237 2126 346 2166 Ilico
382 2127 592 2165 clausum
625 2123 827 2164 ostendit
860 2124 1018 2174 lupum

239 2208 377 2248 quem
409 2195 621 2248 protinus
653 2196 821 2235 lancea
853 2194 1078 2246 peremit·

241 2276 285 2309 et
319 2268 552 2307 aemulam
586 2266 642 2305 de
678 2265 830 2305 alieno
864 2264 1096 2305 saturavit
1129 2265 1338 2315 vulpem3

240 2338 422 2379 Deinde
455 2338 556 2389 ipsa
591 2348 695 2377 cum
728 2336 773 2376 in
807 2342 1062 2376 venatores
1093 2335 1349 2375 incideret·

241 2409 583 2460 comprehensa
616 2420 643 2447 a
677 2407 872 2447 canibus
903 2406 1102 2446 laniata·
1124 2406 1211 2446 ait·

170 2491 207 2518 ’,κ’
240 2480 378 2520 Modo
411 2479 589 2519 maiora
623 2477 713 2518 ieci
747 2478 869 2517 mala
904 2483 949 2517 et
984 2477 1121 2517 modo
1155 2489 1300 2528 pereo
1335 2477 1410 2527 qui

241 2553 439 2591 alterum
474 2549 564 2589 ieci
597 2549 831 2589 occidere.

241 2621 326 2672 Qui
361 2621 462 2660 aliis
493 2628 633 2660 nocet
667 2620 829 2659 timeat
862 2631 919 2658 ne
953 2625 1182 2659 noceatur
1216 2620 1274 2659 ab
1309 2619 1470 2658 altero

359 2729 585 2766 Adnotatio.
638 2729 756 2765 Hace
797 2728 939 2765 fabula
979 2734 1091 2765 extat
1124 2728 1252 2764 etiam
1286 2727 1327 2763 in
1362 2738 1402 2763 W
1429 2732 1469 2763 et
1495 2737 1526 2771 r,
1555 2726 1708 2773 quibus
1736 2724 1940 2762 subsidiis

242 2794 343 2821 usus
382 2794 477 2820 sum
517 2782 570 2819 ad
610 2782 919 2819 recensionem.
969 2783 1076 2817 1—5.
1117 2780 1410 2827 Promythium
1445 2779 1589 2816 addidi
1625 2789 1676 2815 ex
1709 2778 1858 2815 codice
1892 2777 1937 2814 B.

242 2838 310 2873 ubi
339 2837 399 2873 ¹sic
428 2843 512 2873 cst:
530 2836 673 2872 Bonos
698 2838 736 2871 et
761 2835 899 2870 malos
914 2834 1099 2880 fortuna
1125 2833 1266 2870 iuvat·
1297 2843 1401 2879 qnos
1419 2835 1663 2869 autemnon
1682 2831 1938 2877 iuvat.qua-

242 2901 285 2925 re
311 2890 566 2925 emulantur.
594 2891 632 2925 et
657 2891 801 2925 contra
818 2887 1070 2933 fortunatos
1096 2887 1271 2923 livorem
1299 2886 1342 2922 iu
1369 2885 1490 2922 corde
1515 2884 1722 2930 gestant?
1744 2884 1822 2921 lzos
1843 2886 1941 2931 post
