2152 3229
769 172 857 212 Cap.
886 171 931 202 II.
984 172 1039 203 De
1068 180 1208 211 genere
1235 179 1263 211 φ
1764 169 1871 196 Xle

171 282 359 319 cantavit
406 280 632 318 a2Cantat
676 285 838 326 coacta,
887 280 1086 327 quamvis
1134 279 1352 316 excideret
1392 284 1508 316 metu
1555 291 1648 325 ego,
1684 290 1708 315 a
1743 279 1809 315 40.
1847 279 1870 315 6

171 351 226 400 (p.
262 350 333 398 28)
367 351 515 399 Lupus
548 351 591 387 in
624 351 766 387 cubile
801 355 881 399 [suo
908 367 975 399 per
999 351 1159 397 tempus]
1196 356 1239 386 ut
1272 360 1444 386 menses
1477 348 1645 391 [haberet
1672 348 1755 393 quo]
1782 350 1870 396 plu-

170 434 240 461 res
272 428 417 471 posset
449 422 618 459 delitias
651 422 796 458 fruere
825 418 1051 464 [maximam]
1082 426 1431 467 congregaverat
1464 420 1684 467 praedam,
1726 420 1775 456 15
1803 419 1872 463 [his

168 499 293 546 verbis
332 492 451 536 valde]
505 493 614 530 irata
660 493 826 539 vulpes,
880 491 929 527 19
967 489 1163 533 [Serviam]
1207 491 1283 526 tibi
1326 489 1385 534 [et]
1428 490 1615 527 tribuam
1663 491 1872 538 quidquid

168 566 374 611 volueris,
409 564 462 601 27
496 563 569 611 qui
606 562 712 605 [aliis]
743 566 869 598 nocet
900 561 1061 605 timeat,
1096 571 1120 596 a
1156 560 1222 597 43.
1265 560 1312 596 12
1349 558 1403 606 (p.
1440 558 1510 606 32)
1546 559 1653 598 Sero
1682 562 1871 608 peniten-

169 641 234 673 tes
280 635 507 672 consilium
558 633 679 677 [quem
707 635 826 676 primo
853 635 990 666 dudum
1017 630 1238 673 habuerant]
1277 631 1552 673 accusabant,
1594 642 1617 667 a
1652 632 1719 668 44.
1757 632 1779 668 6
1816 629 1870 679 (p,

172 704 243 753 34)
292 715 436 742 ramos
485 709 525 740 et
557 703 716 740 robora
753 703 963 746 [omniaque
991 714 1086 745 quae
1116 706 1229 736 vellet
1256 700 1464 744 indubiose]
1502 702 1642 748 coepit
1675 702 1872 748 caedere,

170 788 196 813 a
229 777 296 813 51.
333 776 356 812 5
391 772 446 822 (p.
483 771 553 819 34)
589 773 699 817 [Duo]
730 772 926 810 homines
960 772 1080 815 [unus]
1120 772 1249 808 fallax
1272 778 1312 808 et
1339 771 1459 816 [alter]
1488 783 1619 809 verax
1644 773 1724 809 iter
1746 773 1873 809 simul

171 847 385 894 agebant·
411 843 460 887 [et
487 858 571 879 cum
598 842 844 885 ambularent]
889 849 1102 879 venerunt
1150 843 1192 879 in
1237 843 1506 889 provinciam
1545 843 1782 889 simiarum,
1823 844 1872 880 10

174 919 366 961 [iussitque
394 917 534 957 omnes]
555 915 704 952 simias
719 914 881 951 similes
897 914 1069 951 adstare
1091 944 1096 950 .
1115 944 1120 950 .
1145 944 1150 950 .
1168 914 1277 950 sicut
1292 906 1782 965 viderat-imperatorem
1802 915 1873 951 ali-

172 988 359 1036 quando,
396 987 534 1030 [taliter
559 990 630 1021 sibi
657 984 820 1028 adstare]
857 985 969 1030 fecit,
1009 985 1058 1021 18
1096 984 1155 1026 [Et
1182 984 1278 1028 quia]
1310 984 1537 1022 mendacio
1566 985 1764 1022 laudatus
1791 984 1870 1027 [est]

173 1071 272 1096 cum
318 1059 444 1096 turba
492 1069 582 1103 sua,
633 1057 686 1094 ⁴27
728 1062 768 1093 et
800 1067 951 1093 omnes
990 1056 1031 1092 hi
1065 1056 1228 1092 similes
1261 1056 1318 1092 tui
1355 1056 1507 1092 simiae
1543 1055 1715 1099 [semper]
1759 1058 1872 1098 sunt,

174 1141 197 1166 a
231 1130 298 1168 53.
336 1131 359 1166 4
394 1127 450 1177 (p.
486 1126 557 1173 38)
592 1127 839 1175 respondit·
861 1127 1127 1164 consuetudo
1161 1127 1286 1163 nobis
1313 1127 1381 1170 [est
1408 1128 1505 1170 nam]
1538 1138 1681 1163 escam
1707 1127 1749 1163 in
1772 1127 1874 1163 limo

172 1201 415 1248 reperimus
448 1212 471 1237 a
492 1212 498 1236 :
525 1209 762 1247 »quaerere
795 1209 964 1235 escam»
993 1198 1130 1245 inquit
1156 1198 1284 1234 »limo
1308 1198 1431 1234 nobis
1455 1198 1515 1233 sic
1540 1198 1871 1237 consuevimus»

173 1285 268 1319 ego,
319 1272 342 1308 5
393 1277 432 1308 et
480 1270 698 1317 accipitris
746 1269 953 1316 impetum
1005 1269 1063 1312 [ad
1097 1282 1163 1303 nos
1198 1268 1391 1311 venientis]
1444 1268 1504 1304 sic
1546 1268 1783 1314 evadimus,
1825 1269 1868 1305 11

178 1343 308 1388 [Quae]
360 1342 462 1379 dum
509 1352 607 1378 cum
656 1341 727 1377 illa
777 1339 902 1385 [foras]
955 1340 998 1376 in
1047 1350 1202 1386 agrum
1252 1338 1423 1382 existen,
1468 1351 1491 1375 a
1535 1340 1602 1375 60.
1656 1340 1670 1376 1
1710 1338 1766 1386 (p.
1803 1339 1873 1383 42)

173 1413 309 1450 *Culex
360 1414 458 1457 [dum
498 1416 593 1447 forte
632 1411 679 1454 in]
726 1412 879 1449 cameli
934 1411 1063 1448 dorso
1111 1415 1322 1447 morasset
1368 1421 1466 1446 cum
1503 1409 1696 1452 [omnibus]
1746 1411 1875 1447 sarci-

175 1485 240 1521 nis
289 1496 312 1521 a
333 1496 339 1520 :
360 1484 494 1520 Pulex
542 1489 633 1520 erat
681 1483 835 1519 cameli
869 1482 997 1519 dorso
1032 1482 1074 1518 in
1108 1481 1290 1518 sarcinis
1325 1494 1418 1528 ego,
1456 1482 1479 1517 4
1514 1480 1599 1518 Sed
1634 1493 1712 1517 nec
1744 1482 1875 1528 impo-

174 1556 255 1593 sito
303 1560 344 1592 te
392 1554 552 1591 sentire
597 1554 751 1598 [pondus
784 1552 898 1597 potui]
944 1564 1022 1589 nec
1057 1552 1252 1599 deposito
1289 1551 1453 1595 [habere]
1494 1554 1692 1588 levamen
1727 1563 1750 1588 a
1773 1552 1875 1588 :sed

172 1632 215 1664 te
259 1637 338 1663 nec
380 1625 499 1672 prius
532 1625 778 1671 impositum
811 1624 926 1660 sensi
960 1634 1039 1660 nec
1072 1629 1113 1660 te
1147 1623 1341 1670 deposito
1374 1624 1496 1660 levor
1529 1635 1621 1670 ego,
1659 1624 1681 1659 6
1715 1623 1795 1668 Qui
1830 1634 1876 1659 se

174 1697 387 1744 superiori
432 1695 585 1739 [absque
614 1694 753 1737 ordine]
788 1694 1052 1742 [co]aequare
1091 1694 1251 1736 nititur,
1301 1705 1323 1730 a
1374 1694 1441 1730 65.
1483 1694 1531 1730 18
1567 1690 1622 1740 (p.
1660 1692 1730 1739 44)
1768 1692 1872 1737 [quis]

174 1769 303 1805 debet
344 1778 439 1804 esse
472 1772 697 1813 suspectus
729 1766 801 1813 qui
838 1765 1022 1809 [aliquem]
1060 1765 1184 1801 laesit
1220 1763 1443 1809 [aliquando]
1480 1765 1623 1812 a:qui
1657 1765 1781 1801 laesit
1814 1771 1877 1800 est

175 1844 400 1886 suspectus
447 1837 602 1874 merito
650 1849 742 1884 ego,
793 1848 833 1873 w
866 1836 882 1872 I
916 1837 953 1872 5.
990 1836 1014 1872 3
1055 1833 1109 1882 (p.
1148 1834 1217 1878 48)
1265 1837 1430 1882 capella
1476 1837 1573 1879 [cum
1602 1845 1701 1870 esset
1730 1837 1872 1879 recens]

174 1911 259 1947 feta
296 1908 366 1952 [ad]
409 1914 579 1956 pastum
621 1909 786 1945 vellens
828 1907 891 1944 ire
922 1908 970 1950 [in
998 1907 1103 1949 silva]
1140 1919 1180 1944 w
1202 1906 1405 1954 :Capella
1439 1908 1556 1943 exire
1590 1907 1673 1943 ieta
1707 1911 1877 1953 pastum

174 1980 278 2017 dum
310 1985 433 2027 parat
466 1991 558 2026 ego,
595 1979 618 2015 5
653 1989 707 2015 ne
740 1979 823 2015 alio
857 1979 1045 2026 aperiret
1081 1978 1201 2022 [quod]
1241 1979 1435 2014 clausum
1473 1977 1597 2022 [super
1625 1991 1707 2012 cum
1736 1982 1877 2012 fecerat

175 2049 338 2095 propter]
380 2049 495 2097 quod
531 2077 582 2095 ..‚
621 2061 662 2086 W
694 2049 746 2085 III
779 2049 817 2085 ⁴2.
854 2049 877 2085 2
914 2046 970 2096 (p.
1008 2049 1076 2092 50)
1112 2048 1195 2091 [hoc
1230 2058 1353 2083 autem
1387 2048 1505 2091 nobis]
1542 2048 1695 2094 probat
1725 2047 1873 2091 [brevis]

174 2121 338 2168 Aesopi
386 2121 544 2166 fabula,
599 2120 647 2157 10
698 2120 756 2156 ait
802 2120 936 2156 frater
986 2118 1133 2163 [inquid]
1180 2129 1399 2163 succurre,
1446 2119 1494 2154 14
1536 2119 1666 2155 iacuit
1698 2119 1874 2163 [interra]

177 2190 369 2238 diu[tius]‚
418 2191 467 2227 16
502 2191 709 2227 intellexit
741 2196 868 2237 caput
901 2195 942 2227 et
974 2190 1129 2227 {aciem
1160 2190 1220 2234 [et]
1257 2200 1302 2226 se
1339 2190 1471 2234 [ipsum
1498 2189 1620 2232 valde]
1662 2186 1876 2235 l(a)esum‚

177 2275 217 2299 w
250 2262 290 2298 V
323 2262 361 2298 2.
397 2262 420 2298 2
456 2259 511 2308 (p.
547 2258 618 2307 54)
653 2272 750 2298 cum
783 2272 829 2297 se
862 2262 1053 2297 ferarum
1092 2271 1244 2308 regem
1287 2261 1459 2297 lecisset
1504 2260 1754 2303 [fortissimus]
1796 2261 1876 2305 leo,

179 2334 202 2370 3
252 2339 293 2369 61
336 2329 599 2379 aequ(it)atis
631 2333 791 2369 famam
825 2332 1030 2379 consequi
1066 2333 1179 2376 [more
1208 2331 1351 2375 regum]
1388 2332 1529 2377 vellet,
1566 2332 1588 2367 4
1626 2330 1875 2375 [renuntiavit]

178 2404 395 2451 prioribus
442 2401 559 2447 [actis]
610 2408 780 2439 mutans
828 2402 1185 2439 consuetudinem
1219 2414 1259 2438 w
1280 2415 1285 2438 :
1307 2414 1330 2439 a
1365 2402 1545 2449 pristina
1578 2401 1750 2438 deflexit
1783 2412 1879 2437 con-

178 2474 405 2511 suetudine
436 2473 482 2516 Ρ,
518 2474 542 2509 5
580 2473 665 2517 [ullo
691 2486 807 2517 pecus
834 2474 971 2517 ledere]
1011 2479 1235 2510 contentus
1274 2473 1367 2509 sine
1400 2472 1613 2520 sanguine
1647 2472 1791 2508 cibum
1814 2483 1877 2507 w:

179 2551 306 2592 atque
354 2544 466 2580 inter
512 2544 608 2580 illas
655 2543 772 2580 tenui
821 2549 1046 2580 contentus
1094 2544 1190 2581 cibo
1240 2544 1286 2586 Ρ,
1336 2544 1388 2580 27
1439 2544 1646 2580 offeretur
1687 2542 1748 2587 [ut]
1786 2542 1878 2589 regi

178 2617 270 2657 [erat
309 2616 460 2656 iussum]
509 2620 548 2651 et
595 2614 738 2650 statim
783 2613 968 2650 laniatus
1019 2615 1076 2655 [ab
1105 2614 1176 2657 eo],
1217 2625 1238 2650 i·
1282 2615 1297 2651 Ι
1349 2614 1412 2650 19.
1456 2614 1478 2650 2
1515 2611 1569 2660 (p.
1619 2611 1688 2659 60)
1722 2613 1879 2649 frustra

177 2685 352 2722 veniam
400 2686 644 2727 [delictorum]
686 2690 812 2731 rogat
859 2684 931 2731 qui
980 2684 1022 2720 in
1061 2685 1226 2721 malitia
1259 2685 1464 2732 perdurat
1497 2685 1723 2720 r:frustra
1756 2689 1882 2730 rogat

180 2755 422 2803 perdurans
469 2755 643 2792 veniam
691 2755 855 2792 malitia
890 2767 983 2801 ego,
1020 2755 1044 2791 3
1079 2754 1236 2791 Milvus
1270 2755 1439 2791 iacebat
1471 2765 1647 2801 pressus
1686 2752 1877 2798 [pondere]

180 2826 329 2873 gravis
374 2826 514 2863 morbi
557 2826 778 2863 rtMorbo
817 2825 986 2862 iacebat
1019 2825 1177 2862 miluus
1210 2836 1386 2872 pressus
1420 2826 1545 2872 gravi
1580 2837 1673 2871 ego,
1708 2835 1730 2860 r
1762 2824 1778 2860 Ι
1811 2824 1878 2860 20.

187 2897 202 2933 1
237 2890 292 2946 (p.
326 2894 396 2942 62)
426 2897 589 2933 Malum
624 2899 692 2939 [est
719 2901 788 2931 hoc
816 2897 951 2937 venite]
980 2906 1182 2933 eruamus
1206 2896 1323 2941 illud,
1354 2896 1402 2932 16
1428 2901 1469 2932 at
1491 2906 1601 2943 quae
1624 2900 1882 2942 respuerunt

1704 2972 1739 2994 IV
