2152 3229
327 147 416 187 Cap.
443 146 488 178 II.
540 147 596 178 De
624 156 768 187 genere
791 157 819 189 φ
848 163 891 167 —
919 148 1007 188 Cap.
1035 148 1098 179 ΙΙΙ.
1150 149 1206 180 De
1234 159 1404 180 sermone
1433 149 1694 180 diasceuastae
1722 159 1750 190 φ
1838 146 1897 173 LV

196 256 432 291 mutaret
480 275 534 278 —
580 262 731 302 neque
782 250 904 291 enim
951 252 1141 292 ludebat
1188 252 1374 303 ingenio
1425 265 1512 293 nec
1547 253 1788 293 scribebat
1822 264 1896 304 pa-

196 321 441 373 raphrasin
490 345 543 350 —
589 322 672 361 sed
721 321 822 362 illas
871 323 928 362 ob
973 334 1142 363 causas
1175 335 1291 374 quas
1324 323 1632 364 indicavimus
1670 323 1894 375 proxime.

196 392 367 444 itaque,
418 392 737 433 commoditati
785 392 1049 444 aequalium
1088 394 1350 444 consulens,
1385 380 1628 445 pressam
1660 394 1898 434 Phaedri

196 463 572 503 elocutionem
604 462 814 503 laxavit
848 474 908 502 ac
939 463 1203 504 dilatavit
1227 464 1569 515 quodammodo
1594 464 1669 515 (cf.
1696 476 1752 504 ea
1776 476 1895 515 quae

196 534 332 574 modo
366 545 408 585 p.
443 546 644 574 vam-LI
669 533 936 584 attulimus).
967 545 1022 573 ac
1056 546 1198 585 saepe
1228 534 1485 586 inquinavit
1505 535 1765 575 orationem
1786 547 1896 575 cor-

196 604 443 656 ruptelis,
485 616 603 656 quae
644 612 801 644 tamen
834 615 924 643 non
959 610 1054 644 tarn
1088 616 1115 643 a
1147 604 1380 655 prurigine
1415 605 1724 656 interpolandi
1760 618 1898 656 quam

196 676 254 715 ab
289 687 447 715 errore
480 676 556 715 vel
589 674 778 726 legendi
810 676 886 714 vel
920 674 1259 726 interpretandi
1292 682 1423 715 ortae
1458 683 1564 716 sunt
1598 677 1656 725 (v,
1691 687 1831 727 supra
1855 689 1895 727 p.

195 747 302 794 Lm).
338 745 467 785 cuius
501 751 658 785 tamen
686 744 828 796 ipsius
860 745 928 784 rei
960 746 1152 785 tenebat
1187 746 1419 796 quendam
1443 746 1643 796 modum,
1669 753 1714 786 et
1738 759 1897 798 seque-

195 817 332 856 batur
361 816 594 867 quandam
617 815 963 856 similitudinem
985 815 1246 856 litterarum
1268 816 1544 856 traditarum
1565 850 1572 857 .
1593 818 1898 868 quamobrem

193 886 303 938 quid
354 886 399 926 in
454 885 492 925 Φ
540 886 677 926 fuerit
725 886 858 938 quasi
904 898 988 938 per
1033 887 1253 927 nebulam
1300 894 1454 938 potest
1489 887 1677 938 saepius
1720 888 1896 939 dispici.

194 957 397 997 dictione
436 957 576 1008 igitur
609 972 640 1008 φ
675 963 720 997 et
753 970 785 995 π
814 958 1007 998 multum
1041 957 1262 997 differunt
1283 991 1290 997 .
1310 958 1353 998 in
1393 970 1425 995 π
1456 960 1626 998 verba
1659 959 1897 999 Phaedri

194 1028 238 1068 si
272 1039 373 1079 qua
406 1035 527 1068 sunt
560 1029 651 1068 vix
684 1035 973 1079 apparent;
1009 1028 1058 1068 in
1101 1043 1132 1079 φ
1166 1036 1387 1068 manent
1421 1029 1668 1080 plurima.
1705 1030 1898 1080 quibus

194 1098 579 1139 diasceuastes
618 1106 798 1139 tamen
832 1099 1038 1150 aliquid
1072 1099 1153 1139 sui
1186 1101 1457 1140 sermonis
1487 1101 1748 1152 aspersit.
1778 1100 1897 1140 haec

193 1169 332 1220 igitur
354 1169 399 1209 in
424 1184 455 1221 φ
480 1170 569 1210 duo
593 1181 771 1226 genera
795 1171 1046 1210 verborum
1069 1170 1355 1211 locutionum
1378 1171 1769 1222 significationum
1794 1184 1896 1211 con-

193 1241 499 1282 structionum
533 1241 844 1281 discernenda
876 1247 1170 1282 suntzunum
1203 1242 1613 1289 Phaedrianorum,
1650 1254 1769 1293 quae
1793 1250 1897 1282 sunt

193 1312 404 1364 plurima,
459 1313 659 1352 alterum
709 1312 1015 1363 noviciorum,
1066 1313 1189 1364 quod
1237 1312 1387 1363 geniis
1436 1313 1760 1353 diasceuastes
1809 1313 1897 1353 illis

194 1384 325 1434 large
359 1383 589 1434 inspersit.
625 1395 744 1434 quae
780 1383 880 1434 ipsa
912 1383 1180 1434 diligentius
1214 1384 1525 1423 examinanda
1560 1392 1665 1424 sunt
1699 1384 1894 1430 scilicet,

193 1454 231 1494 si
266 1454 366 1506 quis
399 1453 485 1493 rite
519 1454 680 1493 harum
715 1454 978 1494 fabularum
1011 1466 1111 1494 rem
1145 1455 1357 1495 criticam
1392 1454 1683 1494 exerciturus
1718 1463 1788 1495 est
1811 1488 1818 1495 .
1840 1468 1896 1495 ac

192 1525 390 1577 primum
438 1525 677 1577 quaeritur
713 1525 842 1565 cuius
875 1525 963 1565 sint
1003 1525 1184 1566 aetatis.
1221 1525 1294 1565 cui
1329 1526 1579 1566 coniuncta
1613 1532 1658 1566 et
1693 1535 1897 1576 cognata

196 1603 266 1636 est
300 1596 379 1635 illa
412 1596 625 1647 quaestio
661 1596 845 1647 quando
878 1596 997 1635 haec
1031 1596 1247 1636 recensio
1281 1611 1311 1647 ᾳτ
1347 1602 1457 1636 nata
1491 1596 1562 1637 sit.

313 1674 358 1707 et
392 1666 606 1718 quoniam
647 1679 796 1717 genus
819 1666 1081 1707 fabularum
1106 1682 1138 1718 φ
1155 1667 1283 1706 libris
1302 1679 1328 1706 a
1349 1680 1388 1705 w
1408 1679 1429 1706 r
1447 1667 1667 1707 traditum
1686 1675 1770 1715 est,
1790 1668 1895 1708 huic

192 1737 454 1789 quaestioni
488 1737 545 1777 de
580 1749 795 1777 sermone
830 1738 1157 1778 diasceuastae
1193 1753 1223 1789 q*
1260 1738 1510 1778 coniuncta
1545 1746 1623 1778 aut
1649 1745 1777 1779 certe
1802 1738 1895 1779 fini-

190 1809 302 1848 tima
347 1816 418 1849 est
467 1809 678 1860 quaestio
726 1809 961 1859 generalis
1000 1809 1056 1848 de
1091 1820 1308 1849 sermone
1342 1809 1564 1849 librorum
1599 1821 1625 1849 a
1659 1822 1701 1848 w
1734 1822 1787 1850 r.
1813 1810 1896 1850 sed

190 1879 317 1919 illam
350 1886 529 1919 tantam
553 1880 877 1931 quaestionem
901 1880 1118 1931 persequi
1143 1887 1212 1920 est
1237 1880 1293 1919 de
1318 1880 1547 1920 latinitate
1571 1880 1895 1921 universarum

128 1982 137 1990 .
190 1950 453 1991 fabularum
496 1950 812 2002 prosariarum
862 1962 981 2002 quae
1026 1951 1152 1991 libris
1192 1963 1218 1991 a
1261 1964 1303 1991 w
1342 1963 1363 1990 r
1407 1951 1704 1991 continentur
1747 1952 1894 2003 dispu-

191 2021 332 2062 tantis
387 2028 431 2061 et
485 2022 732 2061 scribentis
787 2033 1007 2072 magnum
1065 2022 1244 2067 librum,
1301 2022 1421 2073 quod
1478 2022 1551 2061 hic
1613 2022 1745 2062 nobis
1804 2035 1892 2063 nec

189 2092 300 2133 licet
333 2105 420 2133 nec
455 2093 745 2144 propositum
779 2100 876 2133 est.
899 2093 1116 2144 quoniam
1149 2092 1288 2143 igitur
1321 2093 1378 2132 de
1404 2093 1680 2143 quibusdam
1704 2094 1893 2144 generis

191 2178 223 2214 φ
272 2163 440 2204 fabulis
487 2164 575 2203 hoc
624 2163 741 2203 libro
791 2164 1070 2215 quaerimus,
1123 2163 1262 2204 etiam
1311 2164 1399 2203 hoc
1439 2165 1543 2203 loco
1577 2163 1621 2203 in
1655 2164 1724 2203 his
1757 2164 1892 2215 potis-

190 2233 355 2274 simum
408 2234 714 2274 versabimur.
768 2235 824 2274 de
877 2235 1106 2274 latinitate
1160 2235 1300 2285 igitur
1348 2234 1674 2274 diasceuastae
1731 2247 1892 2275 earum

190 2304 465 2354 fabularum,
500 2316 615 2356 quas
647 2305 735 2344 hoc
769 2306 885 2345 libro
916 2305 1128 2345 Phaedro
1163 2305 1466 2352 vindicamus,
1501 2306 1712 2356 proximo
1738 2306 1890 2357 capite

193 2386 486 2426 quaeremus.

333 2607 476 2652 CAP.
512 2606 590 2651 ΠΙ.
654 2607 745 2652 DE
778 2607 1096 2652 SERMONE
1129 2608 1654 2654 DIASCEL'ASTAE
1689 2618 1738 2662 φ.

306 2728 595 2768 Notabiliora
627 2728 765 2779 igitur
804 2728 1042 2792 latinitatis
1077 2728 1402 2769 diasceuastae
1437 2730 1599 2768 harum
1635 2729 1690 2769 de
1726 2729 1890 2780 quibus

155 2812 157 2814 ·
190 2799 456 2850 quaerimus
473 2798 734 2839 fabularum
761 2805 1185 2839 commemorantes
1209 2811 1347 2850 quam
1366 2800 1642 2839 brevissime
1662 2824 1715 2827 —-
1737 2811 1888 2850 neque

191 2869 312 2909 enim
358 2869 599 2909 historiam
648 2881 808 2910 eorum
855 2871 1106 2909 verborum
1155 2870 1440 2909 locutionum
1490 2870 1889 2910 constructionum
