2152 3229
266 149 439 176 XXXVIII

980 151 1255 191 Prolegomena

692 250 914 296 CANES
948 250 1034 295 ET
1070 250 1548 297 CORCODRILLI.

563 364 585 389 a
621 353 670 389 31
708 355 787 403 (qu

267 436 338 483 qui
380 436 561 472 consilia
600 435 784 472 adversa
818 436 1087 483 sapientibus

385 507 732 543 sumministrant
753 513 759 519 ·

268 583 307 613 et
355 588 439 614 non
493 578 632 614 solum
687 577 801 625 quod
853 584 1088 625 operantur

385 648 571 695 perdunt
618 659 771 685 verum
819 649 871 685 ab
908 649 970 685 eis
1003 655 1087 685 tur-

384 720 497 766 piter
530 719 801 762 deridentur;

267 788 409 826 Canes
458 791 673 827 currendo
716 791 869 827 bibunt
909 802 959 827 ex
999 791 1086 828 nilo

386 861 562 897 flumine

267 942 320 968 ne
359 932 583 978 rapiantur
616 944 639 968 a
674 932 948 969 crocodillis·

222 1076 235 1090 *⁷
266 1073 476 1120 Rapidius
525 1074 659 1121 igitur
698 1085 879 1110 currens·
913 1085 964 1110 ex
998 1075 1084 1111 nilo

354 1188 360 1193 ,
385 1155 481 1180 cum
516 1144 668 1181 bibere
698 1145 911 1192 coepisset
935 1146 1055 1182 canis
1076 1151 1080 1158 “

266 1215 371 1251 dixit
419 1215 457 1251 ei
504 1215 763 1253 crocodillus
810 1215 933 1261 Quod
981 1216 1086 1252 libet

384 1287 499 1324 labio
532 1293 604 1324 tuo

265 1429 351 1465 noli
396 1429 539 1465 vereri
560 1435 565 1441 '
588 1428 825 1476 Respondit
846 1436 851 1441 ’
875 1429 1084 1466 Facerem

384 1499 497 1546 quod
531 1500 668 1536 dicis‘

265 1570 346 1606 nisi
393 1581 489 1607 esse
533 1577 574 1607 te
619 1572 778 1608 scirem
812 1572 955 1608 carnis
990 1583 1084 1609 mee

386 1642 603 1688 cupidum.

1486 348 1524 387 Φ
1556 353 1571 390 Ι
1602 351 1650 389 25

1156 435 1348 473 Consilia
1396 437 1467 484 qui
1517 436 1619 473 dant
1663 447 1798 484 prava
1836 438 1974 474 cautis

1274 506 1523 543 hominibus

1157 583 1197 614 et
1228 577 1416 625 perdunt
1448 588 1625 625 operam
1660 583 1700 614 et
1722 577 1975 615 deridentur

1275 649 1458 695 turpiter

1157 801 1286 827 canes
1336 796 1560 827 currentes
1607 790 1760 827 bibere
1805 791 1848 827 in
1887 790 1974 828 nilo

1274 861 1451 898 flumine

1155 944 1177 969 a
1221 932 1491 969 corcodrillis
1533 943 1587 969 ne
1620 933 1870 979 rapiantur·
1892 938 1973 969 tra-

1274 1002 1409 1040 ditum
1444 1008 1508 1039 est

1155 1075 1287 1121 igitur
1328 1084 1425 1111 cum
1466 1084 1646 1111 currens
1667 1080 1673 1087 ·
1694 1073 1847 1111 bibere
1881 1084 1972 1111 coe—

1271 1146 1406 1193 pisset
1440 1145 1559 1182 canis
1581 1152 1586 1158 ·

1153 1217 1215 1253 sic
1240 1216 1524 1253 corcodrillus
1548 1227 1677 1264 quam
1702 1216 1807 1253 libet
1829 1215 1973 1253 lambe

1273 1288 1359 1324 otio

1153 1364 1251 1405 pota
1271 1358 1431 1395 accede
1449 1359 1535 1395 noli
1554 1359 1708 1395 timere
1723 1357 1874 1395 sedulo
1889 1358 1969 1394 ait·

1154 1435 1195 1465 at
1234 1430 1321 1466 noli
1360 1430 1504 1466 vereri
1538 1429 1701 1476 inquit·
1723 1434 1765 1465 at
1798 1429 1895 1465 ille·
1916 1429 1972 1465 fa-

1273 1511 1372 1536 cere
1406 1500 1654 1536 mehercule

1154 1571 1236 1607 nisi
1279 1581 1374 1608 esse
1413 1572 1573 1607 scirem
1607 1571 1751 1607 carnis
1784 1576 1824 1607 te
1859 1571 1973 1618 cupi-

1274 1642 1376 1679 dum
1410 1648 1559 1678 meae·

386 1744 709 1795 Promythium
755 1745 942 1796 reposui
992 1745 1037 1785 in
1087 1755 1116 1786 a
1157 1745 1215 1784 ad
1248 1744 1386 1784 finem
1419 1745 1693 1795 relegatum.
1733 1768 1779 1771 —
1816 1744 1842 1783 3
1876 1755 1973 1783 cur-

266 1819 417 1854 rentes
459 1815 766 1855 Ρῑιίιννσιιιῖο
802 1828 841 1865 a,
891 1816 1091 1856 fortasse
1131 1822 1274 1856 recte.

1330 1839 1376 1843 —-
1430 1817 1467 1855 6.
1510 1827 1650 1867 quam
1683 1815 1792 1854 libet
1822 1814 1972 1854 lambe

266 1885 356 1925 olio
406 1885 610 1937 Palam!
646 1886 753 1926 libet
783 1887 904 1927 labio
940 1891 1015 1927 tuo
1052 1899 1092 1935 a,
1128 1887 1249 1937 quod
1284 1886 1469 1926 videtur
1503 1898 1606 1926 esse
1642 1886 1972 1926 diasceuastae

266 1957 413 1996 verba
445 1956 643 1996 Phaedri
676 1970 768 1997 non
801 1958 914 1998 satis
946 1957 1276 2008 intellegentis.
1312 1981 1364 1985 —
1400 1970 1442 1997 v,
1469 1958 1506 2005 7,
1532 1958 1557 1997 S
1581 1957 1626 1996 in
1650 1968 1679 1997 a
1704 1955 1973 2007 interpolati

267 2036 313 2069 et
369 2027 613 2075 decurtati,
669 2029 712 2069 in
761 2030 794 2069 P
843 2030 1063 2080 corrupti,
1113 2029 1313 2069 fortasse
1363 2029 1429 2069 sle
1472 2028 1660 2079 legendi
1710 2027 1979 2067 suntzNoli

268 2102 436 2150 timere,
473 2103 644 2147 accede,
675 2105 787 2152 pola
819 2101 992 2149 sedulo,
1028 2100 1138 2140 Noli
1165 2100 1345 2140 vereri.
1367 2103 1416 2139 at
1446 2099 1521 2139 ille
1542 2099 1767 2150 :facerem
1801 2098 1972 2137 meller-

267 2173 366 2213 cnle
414 2179 459 2213 et
507 2180 695 2214 cetera.
718 2172 970 2224 quaeipsa
1004 2172 1272 2223 corruptela
1315 2171 1489 2210 indicat
1522 2182 1579 2210 ne
1613 2168 1901 2210 recensionis
1935 2168 1973 2207 Φ

267 2244 453 2295 quidem
492 2244 534 2294 (i.
572 2256 610 2284 e.
649 2244 739 2293 PR)
776 2249 1019 2284 auctorem
1052 2242 1253 2282 Phaedri
1286 2241 1526 2282 scandisse
1560 2239 1783 2280 senarios.

384 2386 517 2426 Haec
567 2386 856 2437 comparatio
906 2396 1132 2436 generum
1182 2398 1214 2435 <p
1264 2391 1309 2423 et
1362 2381 1400 2420 Φ
1448 2381 1973 2439 praemissa-quoniam

270 2457 496 2508 exemplis
528 2456 790 2497 fabularum
825 2467 985 2496 earum
1019 2466 1139 2506 quae
1174 2461 1219 2495 et
1252 2454 1297 2494 in
1331 2469 1362 2506 (p
1388 2460 1434 2494 et
1457 2453 1502 2493 in
1527 2452 1565 2491 Φ
1589 2459 1750 2493 extant
1772 2453 1972 2493 illustrat

268 2535 492 2580 quantum
525 2543 557 2579 φ
591 2540 618 2568 a
652 2525 690 2564 Φ
722 2527 978 2578 deflexerit,
1013 2526 1223 2577 sequitur
1255 2534 1303 2566 ut
1333 2537 1616 2577 quaeramus
1639 2525 1701 2564 de
1726 2522 1972 2575 proprie-

267 2599 474 2639 tatibus
507 2599 727 2649 generis
760 2614 791 2650 φ
825 2597 1079 2638 universi.
1116 2597 1314 2649 primum
1348 2597 1488 2648 igitur
1525 2597 1582 2636 de
1623 2602 1772 2636 metro
1806 2595 1970 2645 soluto,

268 2670 435 2709 deinde
484 2670 541 2709 de
591 2670 800 2709 oratione
849 2676 1080 2719 truncata,
1130 2674 1226 2708 tum
1268 2668 1325 2708 de
1365 2666 1801 2719 interpolationibus
1835 2672 1880 2706 et
1913 2665 1970 2705 de

270 2740 560 2792 corruptelis.

389 2812 522 2861 Quod
555 2811 692 2863 igitur
724 2811 782 2851 ad
816 2817 1042 2851 metrum
1075 2811 1274 2850 solutum
1309 2809 1487 2858 attinet,
1521 2820 1662 2860 supra
1697 2808 1970 2848 videbamus

268 2894 310 2933 p.
346 2895 470 2921 xxvn
504 2894 602 2933 sqq.
637 2882 967 2922 diasceuasten
999 2880 1189 2932 generis
1223 2895 1254 2932 φ
1288 2888 1333 2920 et
1368 2891 1500 2919 usum
1544 2891 1648 2919 esse
1684 2890 1739 2919 eo
1772 2877 1970 2918 Phaedri
