2152 3229
260 111 284 149 4
817 125 964 157 Phaedri
991 126 1102 157 soluti
1129 126 1266 157 fabulae
1293 126 1399 157 xxx

257 228 317 261 est
349 242 392 254 Ξ
426 225 583 262 interiit
614 243 646 256 ω
681 231 711 263 Φ
744 225 760 262 Ι
791 226 848 262 27.
875 227 907 271 8,
936 226 973 263 II
999 227 1032 264 4.
1058 226 1115 263 23.
1143 248 1185 252 —
1212 226 1344 263 sinml
1368 245 1411 257 Ξ
1438 237 1521 266 una
1547 247 1578 260 ω
1608 234 1638 266 Φ
1665 228 1723 264 IV
1748 229 1795 265 22
1821 228 1906 274 (23».
1933 230 1957 265 9

260 284 489 325 tempestas
516 278 693 315 horrida
718 279 850 315 simul
875 286 915 316 et
941 286 1131 317 vetustas
1159 280 1301 317 medio
1330 280 1525 318 dissoluit
1552 282 1672 318 mari.

375 367 447 403 De
489 374 803 413 argumento

374 437 581 475 Similiter
607 445 733 486 atque
762 450 784 475 a
810 439 832 474 4
861 439 1043 476 Rubrius
1070 441 1234 477 solutus
1263 440 1405 476 fabula
1436 441 1498 476 191
1529 440 1670 478 Crusii
1690 458 1733 471 Ξ
1759 440 1830 477 ‘298
1854 441 1889 478 H
1912 458 1956 472 =

254 491 326 527 ⁴245
344 490 389 528 C.
410 513 452 516 -
473 492 596 528 aliter
613 503 717 529 vero
735 492 908 529 Romuli
928 493 944 529 Ι
962 493 985 528 3
1003 493 1163 536 BMFS,
1179 494 1292 540 quod
1313 494 1412 530 iacit
1429 495 1576 531 vivum
1596 504 1761 531 murem
1783 506 1806 531 a
1826 495 1956 531 milvo

257 555 352 581 csse
383 551 641 592 correptum,
670 556 767 582 cum
794 557 926 582 ranae
954 546 1032 582 sub
1061 556 1195 593 aquas
1222 547 1404 583 trahenti
1432 548 1727 584 reluctaretur.
1755 547 1871 595 quod
1895 548 1957 584 Sic

568 726 601 797 ᾧ
633 740 688 786 ΙΙ.
755 754 783 786 a
805 742 844 787 ί).
911 742 1117 788 GALLI
1154 742 1239 786 ET
1275 742 1650 788 ACCIPITER.

259 862 422 901 Gallus
454 862 561 901 dum
597 874 703 902 eum
736 863 825 903 alio
859 875 901 914 g.
937 864 1093 915 sepius
1126 864 1389 904 intenderet
1422 875 1628 916 pugnam

257 932 451 984 requirit
485 933 759 985 accipitrem
792 934 878 974 sibi
910 935 1171 975 vindicem·

258 1004 405 1055 Aecp.
445 1015 559 1043 vero
600 1007 770 1056 sperab
810 1006 1004 1060 utddum
1043 1007 1181 1046 ambo
1221 1006 1280 1045 ad
1322 1018 1427 1046 eum
1460 1006 1631 1046 veniss.
1695 1007 1844 1058 ipsum
1880 1007 1956 1059 qui

375 1086 537 1114 secum
571 1076 814 1117 exhiberet
848 1077 1101 1117 devoraret

211 1153 230 1179 Γ»
258 1145 374 1185 Cum
407 1146 648 1186 venissent
681 1155 790 1187 ante
813 1148 1015 1188 iudicem
1039 1155 1087 1188 ut
1112 1159 1304 1188 causam
1328 1131 1460 1188 s'uam
1484 1156 1775 1200 exponerent
1796 1161 1801 1167 ·
1824 1160 1956 1200 aecp.

211 1369 229 1393 (Ι

192 1586 230 1615 12

375 1216 525 1268 ipsum
560 1230 750 1269 compre
785 1219 861 1270 qui
897 1220 995 1259 eius
1028 1219 1175 1271 primo
1209 1219 1411 1270 petierat
1445 1219 1623 1259 forum·

259 1287 321 1328 At
354 1287 429 1328 ille
464 1290 661 1329 clamab.
696 1302 787 1329 non
821 1302 922 1330 sum
957 1302 1059 1341 ego.
1095 1291 1178 1330 sed
1210 1290 1286 1330 ille
1323 1291 1398 1341 qui
1431 1290 1592 1341 fugam
1625 1290 1758 1341 petit;

259 1359 344 1399 Cui
377 1372 463 1400 acc
484 1371 491 1378 ·
513 1360 739 1400 dix-Non
773 1368 821 1400 tu
855 1362 1023 1401 credas
1058 1373 1115 1401 ex
1149 1361 1266 1401 meis
1299 1361 1532 1412 unguibus

258 1431 393 1471 hodie
426 1431 612 1471 liberari
635 1443 642 1450 ·
662 1432 769 1483 quia
803 1433 926 1483 quod
959 1440 1008 1472 tu
1042 1432 1132 1472 alio
1167 1432 1411 1472 intendere
1446 1432 1630 1472 voluisti
1652 1444 1659 1451 ·
1682 1444 1851 1484 equum
1886 1438 1958 1472 est

375 1509 424 1542 ut
457 1503 555 1553 ipse
590 1503 824 1543 sustineas

258 1574 333 1624 qui
367 1573 562 1614 aliorum
596 1587 763 1614 necem
799 1581 1006 1615 tractant

260 1651 305 1684 et
338 1645 395 1685 de
428 1645 634 1697 ipsorum
670 1646 778 1697 quid
812 1653 980 1697 agatur
1013 1647 1233 1697 ignorant
1253 1658 1276 1694 ·;

376 1844 604 1880 Adnotatio.
657 1845 691 1880 2.
721 1844 830 1880 ultro
859 1844 1021 1887 addidi;
1050 1845 1089 1881 ct
1118 1850 1149 1882 Φ
1177 1844 1213 1881 ΙΙ
1243 1846 1277 1881 S.
1304 1845 1337 1890 6,
1366 1844 1422 1880 III
1455 1845 1487 1881 7.
1519 1844 1577 1885 21,
1606 1844 1662 1880 ΙΙΙ
1682 1844 1765 1891 epil
1782 1843 1839 1879 21.
1864 1864 1905 1868 -—-
1925 1845 1960 1878 9.

258 1907 309 1933 ne
340 1896 487 1933 credas
520 1897 697 1933 Bramsz
731 1908 816 1933 non
849 1897 995 1934 eredas
1029 1909 1063 1934 a.
1097 1919 1142 1923 —-
1176 1900 1234 1934 10.
1267 1903 1391 1944 posse
1424 1897 1518 1934 add.
1555 1897 1728 1933 Brams.
1763 1917 1804 1922 —
1841 1895 1965 1932 alleri

256 1950 436 1987 BURMAN1
465 1950 548 1986 alio
579 1962 613 1987 a.
642 1972 682 1975 —
712 1952 768 1986 11.
796 1951 963 1987 multon
991 1951 1387 1987 addidi.snstineczs
1414 1951 1578 1987 malum
1605 1956 1650 1986 ut
1677 1949 1961 1987 ‹1³1231h0e

257 2004 458 2040 sustinete
483 2003 660 2040 malum.
688 2025 730 2028 —
754 2026 760 2031 -

377 2057 635 2094 Dictionis
663 2057 1015 2094 Phaedrianae
1043 2059 1298 2094 memoriam
1327 2058 1453 2094 huius
1481 2068 1652 2104 quoque
1679 2057 1850 2093 fabulae
1868 2066 1960 2092 ver-

259 2111 324 2155 ba,
358 2111 556 2158 quamvis
588 2111 856 2158 interpolata,
884 2121 1045 2160 magna
1071 2122 1121 2147 ex
1148 2118 1269 2158 parte
1298 2117 1568 2148 conservant.
1596 2110 1684 2152 sed,
1713 2109 1828 2156 quod
1855 2110 1896 2146 in
1923 2120 1961 2146 v.

261 2164 314 2209 12,
329 2166 515 2201 tractant
532 2175 617 2201 non
637 2171 699 2200 est
718 2165 760 2200 in
781 2167 822 2201 Φ.
840 2165 954 2211 quod
972 2170 1116 2200 tamen
1136 2165 1332 2201 similiter
1351 2164 1451 2201 dicit
1471 2164 1650 2201 Ovidius
1667 2174 1701 2200 a.
1719 2174 1753 2199 a.
1769 2163 1785 2199 Ι
1803 2163 1869 2199 177
1883 2173 1964 2210 sqq

272 2218 394 2254 Ecce
410 2224 533 2265 parat
548 2217 713 2254 Caesar
728 2218 889 2254 domito
906 2217 1021 2264 quod
1037 2218 1168 2254 defuit
1183 2218 1277 2254 orbi
1292 2218 1468 2254 Addere
1546 2217 1749 2264 Bellaque
1763 2227 1849 2253 non
1863 2227 1962 2263 pue-

257 2282 307 2308 ro
340 2273 493 2308 tractat
527 2271 696 2317 agenda
722 2282 864 2318 puerv.
892 2292 935 2296 ——
962 2272 1059 2314 iam,
1088 2271 1202 2318 quod
1230 2277 1293 2308 est
1324 2272 1366 2308 in
1396 2272 1425 2315 1,
1450 2270 1626 2308 intendit
1649 2270 1900 2316 (intenderat
1924 2271 1962 2312 a)

257 2335 450 2372 pugnam
484 2330 525 2361 et
550 2336 588 2361 v.
618 2325 656 2360 11
687 2324 897 2360 intendere
924 2325 1126 2365 (malum),
1153 2325 1323 2361 videtur
1350 2336 1453 2361 casu
1479 2325 1638 2361 factum
1659 2334 1754 2361 esse
1772 2329 1817 2360 ut
1835 2323 1962 2359 inten-

259 2378 354 2414 dere
383 2388 470 2414 non
502 2379 604 2414 item
632 2383 794 2414 extaret
826 2378 979 2414 eodem
1013 2377 1142 2414 modo
1176 2378 1336 2414 dictum
1363 2379 1406 2414 in
1432 2379 1483 2415 iis
1511 2388 1621 2425 quae
1647 2377 1775 2414 hodie
1801 2381 1965 2413 restant

259 2441 311 2468 ex
339 2435 379 2468 Φ.
406 2441 547 2477 neque
574 2431 687 2467 enim
715 2431 893 2467 dubium
920 2437 983 2467 est
1010 2431 1110 2478 quin
1138 2431 1323 2468 Phaedri
1351 2442 1522 2478 quoque
1550 2437 1688 2467 aetate
1713 2431 1792 2475 rite
1817 2436 1858 2466 et
1881 2429 1963 2466 usi-

259 2489 345 2521 tate
378 2484 461 2520 dici
493 2484 680 2530 potuerit
710 2484 921 2520 intendere
954 2489 1151 2530 pugnam
1185 2490 1225 2520 et
1257 2484 1469 2521 intendere
1499 2484 1665 2520 malum
1699 2484 1837 2525 alicui,
1865 2493 1964 2519 cum

258 2537 484 2574 Terentius
513 2537 664 2574 dixerit
688 2537 908 2580 fallaciam
935 2537 1158 2582 intendere„
1185 2537 1339 2574 Cicero
1367 2538 1479 2574 litem
1507 2537 1711 2574 actionem
1728 2536 1963 2583 periculum

260 2591 386 2627 alicui
419 2591 640 2635 intendere,
672 2590 819 2627 Livius
853 2591 1018 2636 bellum,
1050 2591 1223 2627 Curtius
1256 2591 1413 2637 dolum,
1439 2590 1670 2628 Suetonius
1702 2589 1859 2626 crimen
1894 2589 1963 2625 ali-

261 2644 329 2681 cui
355 2644 576 2680 intendere.
605 2665 647 2670 —
676 2650 845 2680 ceterae
870 2655 976 2681 vero
1004 2654 1155 2681 omnes
1182 2655 1314 2681 voces
1343 2651 1383 2681 et
1410 2644 1648 2680 locutiones
1676 2653 1785 2690 quae
1803 2648 1901 2679 sunt
1919 2642 1961 2678 in

260 2698 340 2733 hac
368 2697 512 2734 fabula
541 2709 564 2733 a
589 2699 622 2740 6,
651 2708 727 2733 eae
754 2705 851 2734 sunt
878 2698 1006 2734 etiam
1034 2698 1077 2733 in
1107 2701 1147 2734 Φ.
1177 2708 1288 2744 quae
1316 2698 1495 2743 longum
1516 2702 1580 2733 est
1598 2706 1855 2732 enumerare
1874 2705 1960 2732 om-

260 2751 342 2787 nia.
369 2751 475 2787 haec
502 2757 646 2787 tamen
674 2761 982 2795 commemoro,
1010 2757 1054 2787 ut
1080 2751 1297 2787 notabilia.
1337 2761 1374 2786 v.
1406 2750 1421 2786 1
1447 2755 1647 2796 pugnant
1668 2749 1912 2795 (gallorum)
1932 2765 1964 2778 m

263 2807 295 2839 Φ
321 2803 337 2839 Ι
362 2803 420 2840 30.
446 2803 469 2839 2
493 2809 692 2850 pagenam
720 2808 984 2844 (taurorum).
1015 2825 1056 2828 -—
1083 2803 1256 2849 saepius
1283 2820 1327 2833 z
1355 2813 1485 2850 saepe
1511 2818 1543 2831 ω
1571 2805 1602 2837 Φ
1629 2812 1723 2848 app.
1754 2801 1807 2838 13.
1834 2801 1892 2838 ¹21.
1921 2822 1963 2826 -

259 2856 283 2892 2
315 2857 488 2902 requirit
514 2857 726 2893 vindicem
753 2873 784 2885 tv
813 2860 844 2892 Φ
871 2857 887 2893 Ι
914 2857 969 2893 31.
996 2856 1019 2892 2
1046 2857 1202 2893 auxilia
1228 2856 1410 2902 requirit.
1439 2877 1481 2880 —
1509 2856 1562 2892 ib.
1593 2855 1795 2891 vindicem
1822 2871 1867 2884 z
1894 2854 1962 2891 de·
