<?xml version="1.0" encoding="UTF-8"?>
<!DOCTYPE html PUBLIC "-//W3C//DTD XHTML 1.0 Transitional//EN"
    "http://www.w3.org/TR/xhtml1/DTD/xhtml1-transitional.dtd">
<html xmlns="http://www.w3.org/1999/xhtml" xml:lang="en" lang="en">
 <head>
  <title>
</title>
<meta http-equiv="Content-Type" content="text/html;charset=utf-8" />
  <meta name='ocr-system' content='tesseract 3.04.00' />
  <meta name='ocr-capabilities' content='ocr_page ocr_carea ocr_par ocr_line ocrx_word'/>
</head>
<body>
  <div class='ocr_page' id='page_1' title='image "./phaedrvssolvtvsv00phaeuoft_0077.png"; bbox 0 0 2152 3229; ppageno 0'>
   <div class='ocr_carea' id='block_1_1' title="bbox 606 132 1871 178">
    <p class='ocr_par' dir='ltr' id='par_1_1' title="bbox 606 132 1871 178">
     <span class='ocr_line' id='line_1_1' title="bbox 606 132 1871 178; baseline -0.006 -9"><span class='ocrx_word' id='word_1_1' title='bbox 606 140 695 178; x_wconf 84' lang='lat' dir='ltr'>Cap.</span> <span class='ocrx_word' id='word_1_2' title='bbox 723 138 787 168; x_wconf 86' lang='lat' dir='ltr'>III.</span> <span class='ocrx_word' id='word_1_3' title='bbox 839 137 894 168; x_wconf 87' lang='lat' dir='ltr'>De</span> <span class='ocrx_word' id='word_1_4' title='bbox 923 146 1092 168; x_wconf 83' lang='lat' dir='ltr'>sermone</span> <span class='ocrx_word' id='word_1_5' title='bbox 1120 136 1379 167; x_wconf 77' lang='lat' dir='ltr'>diasceuastae</span> <span class='ocrx_word' id='word_1_6' title='bbox 1406 145 1434 177; x_wconf 79' lang='grc' dir='ltr'>(ρ</span> <span class='ocrx_word' id='word_1_7' title='bbox 1730 132 1871 159; x_wconf 80' lang='lat' dir='ltr'>LXXIII</span> 
     </span>
    </p>
   </div>
   <div class='ocr_carea' id='block_1_2' title="bbox 173 238 1881 2088">
    <p class='ocr_par' dir='ltr' id='par_1_2' title="bbox 173 238 1874 1003">
     <span class='ocr_line' id='line_1_2' title="bbox 293 238 1873 295; baseline -0.003 -13"><span class='ocrx_word' id='word_1_8' title='bbox 293 243 417 295; x_wconf 75' lang='lat' dir='ltr'>quia</span> <span class='ocrx_word' id='word_1_9' title='bbox 465 254 570 282; x_wconf 90' lang='lat' dir='ltr'>cum</span> <span class='ocrx_word' id='word_1_10' title='bbox 627 243 772 282; x_wconf 85' lang='lat' dir='ltr'>verbo</span> <span class='ocrx_word' id='word_1_11' title='bbox 820 241 947 281; x_wconf 88' lang='lat' dir='ltr'>finito</span> <span class='ocrx_word' id='word_1_12' title='bbox 1000 252 1084 292; x_wconf 88' lang='lat' dir='ltr'>pro</span> <span class='ocrx_word' id='word_1_13' title='bbox 1138 251 1237 279; x_wconf 81' lang='lat' dir='ltr'>acc.</span> <span class='ocrx_word' id='word_1_14' title='bbox 1288 252 1326 279; x_wconf 79' lang='lat' dir='ltr'>c,</span> <span class='ocrx_word' id='word_1_15' title='bbox 1380 238 1605 278; x_wconf 84' lang='lat' dir='ltr'>infinitivo</span> <span class='ocrx_word' id='word_1_16' title='bbox 1653 238 1758 278; x_wconf 85' lang='lat' dir='ltr'>inde</span> <span class='ocrx_word' id='word_1_17' title='bbox 1812 239 1873 278; x_wconf 80' lang='lat' dir='ltr'>ab</span> 
     </span>
     <span class='ocr_line' id='line_1_3' title="bbox 174 318 1871 368; baseline -0.004 -8"><span class='ocrx_word' id='word_1_18' title='bbox 174 320 363 359; x_wconf 80' lang='lat' dir='ltr'>ineunte</span> <span class='ocrx_word' id='word_1_19' title='bbox 396 321 586 359; x_wconf 80' lang='lat' dir='ltr'>saeculo</span> <span class='ocrx_word' id='word_1_20' title='bbox 619 318 677 359; x_wconf 88' lang='lat' dir='ltr'>III</span> <span class='ocrx_word' id='word_1_21' title='bbox 709 321 959 368; x_wconf 86' lang='lat' dir='ltr'>ponebatur.</span> <span class='ocrx_word' id='word_1_22' title='bbox 985 321 1127 366; x_wconf 83' lang='lat' dir='ltr'>itaque</span> <span class='ocrx_word' id='word_1_23' title='bbox 1151 320 1192 355; x_wconf 93' lang='lat' dir='ltr'>in</span> <span class='ocrx_word' id='word_1_24' title='bbox 1219 325 1249 362; x_wconf 63' lang='grc' dir='ltr'><em>φ</em></span> <span class='ocrx_word' id='word_1_25' title='bbox 1276 319 1483 355; x_wconf 79' lang='lat' dir='ltr'>Ademari</span> <span class='ocrx_word' id='word_1_26' title='bbox 1512 328 1567 355; x_wconf 63' lang='grc' dir='ltr'>ἐι·</span> <span class='ocrx_word' id='word_1_27' title='bbox 1590 318 1871 365; x_wconf 70' lang='lat' dir='ltr'>epimythium</span> 
     </span>
     <span class='ocr_line' id='line_1_4' title="bbox 176 389 1873 440; baseline -0.003 -11"><span class='ocrx_word' id='word_1_28' title='bbox 176 404 199 429; x_wconf 83' lang='lat' dir='ltr'>a</span> <span class='ocrx_word' id='word_1_29' title='bbox 229 392 328 438; x_wconf 78' lang='lat' dir='ltr'>qnia</span> <span class='ocrx_word' id='word_1_30' title='bbox 358 393 505 440; x_wconf 83' lang='lat' dir='ltr'>incipit</span> <span class='ocrx_word' id='word_1_31' title='bbox 523 394 706 439; x_wconf 75' lang='lat' dir='ltr'>saepius,</span> <span class='ocrx_word' id='word_1_32' title='bbox 725 393 796 429; x_wconf 89' lang='lat' dir='ltr'>ubi</span> <span class='ocrx_word' id='word_1_33' title='bbox 815 393 986 429; x_wconf 73' lang='lat' dir='ltr'>videtur</span> <span class='ocrx_word' id='word_1_34' title='bbox 1007 401 1102 428; x_wconf 84' lang='lat' dir='ltr'>esse</span> <span class='ocrx_word' id='word_1_35' title='bbox 1122 389 1548 435; x_wconf 77' lang='lat' dir='ltr'>audiendumfabulcz</span> <span class='ocrx_word' id='word_1_36' title='bbox 1567 390 1690 426; x_wconf 79' lang='lat' dir='ltr'>docet.</span> <span class='ocrx_word' id='word_1_37' title='bbox 1710 395 1754 426; x_wconf 87' lang='lat' dir='ltr'>ut</span> <span class='ocrx_word' id='word_1_38' title='bbox 1773 400 1797 425; x_wconf 89' lang='lat' dir='ltr'>a</span> <span class='ocrx_word' id='word_1_39' title='bbox 1819 389 1873 425; x_wconf 85' lang='lat'>13.</span> 
     </span>
     <span class='ocr_line' id='line_1_5' title="bbox 173 460 1871 510; baseline -0.003 -10"><span class='ocrx_word' id='word_1_40' title='bbox 173 463 216 500; x_wconf 83' lang='lat'>21</span> <span class='ocrx_word' id='word_1_41' title='bbox 247 473 299 510; x_wconf 58' lang='lat' dir='ltr'>(p.</span> <span class='ocrx_word' id='word_1_42' title='bbox 325 464 361 507; x_wconf 83' lang='lat'>8)</span> <span class='ocrx_word' id='word_1_43' title='bbox 389 463 487 509; x_wconf 78' lang='lat' dir='ltr'>quia</span> <span class='ocrx_word' id='word_1_44' title='bbox 514 463 665 499; x_wconf 78' lang='lat' dir='ltr'>melius</span> <span class='ocrx_word' id='word_1_45' title='bbox 691 466 752 499; x_wconf 78' lang='lat' dir='ltr'>est</span> <span class='ocrx_word' id='word_1_46' title='bbox 780 463 989 499; x_wconf 74' lang='lat' dir='ltr'>:fabula</span> <span class='ocrx_word' id='word_1_47' title='bbox 1009 463 1134 499; x_wconf 83' lang='lat' dir='ltr'>docet</span> <span class='ocrx_word' id='word_1_48' title='bbox 1166 462 1265 508; x_wconf 86' lang='lat' dir='ltr'>quia</span> <span class='ocrx_word' id='word_1_49' title='bbox 1297 461 1449 497; x_wconf 83' lang='lat' dir='ltr'>melius</span> <span class='ocrx_word' id='word_1_50' title='bbox 1470 467 1533 497; x_wconf 88' lang='lat' dir='ltr'>est</span> <span class='ocrx_word' id='word_1_51' title='bbox 1552 477 1595 490; x_wconf 67' lang='grc' dir='ltr'>Ξ</span> <span class='ocrx_word' id='word_1_52' title='bbox 1616 461 1638 496; x_wconf 74' lang='lat' dir='ltr'>f.</span> <span class='ocrx_word' id='word_1_53' title='bbox 1660 460 1697 496; x_wconf 84' lang='lat' dir='ltr'>d.</span> <span class='ocrx_word' id='word_1_54' title='bbox 1717 460 1871 496; x_wconf 89' lang='lat' dir='ltr'>melius</span> 
     </span>
     <span class='ocr_line' id='line_1_6' title="bbox 177 531 1874 580; baseline -0.003 -9"><span class='ocrx_word' id='word_1_55' title='bbox 177 546 283 571; x_wconf 89' lang='lat' dir='ltr'>esse.</span> <span class='ocrx_word' id='word_1_56' title='bbox 311 535 412 571; x_wconf 84' lang='lat' dir='ltr'>item</span> <span class='ocrx_word' id='word_1_57' title='bbox 448 545 471 570; x_wconf 86' lang='lat' dir='ltr'>a</span> <span class='ocrx_word' id='word_1_58' title='bbox 501 535 558 570; x_wconf 94' lang='lat'>36.</span> <span class='ocrx_word' id='word_1_59' title='bbox 597 534 635 569; x_wconf 89' lang='lat'>11</span> <span class='ocrx_word' id='word_1_60' title='bbox 670 536 721 580; x_wconf 63' lang='lat' dir='ltr'>(p.</span> <span class='ocrx_word' id='word_1_61' title='bbox 756 533 816 570; x_wconf 57' lang='lat'>2⁴2&gt;</span> <span class='ocrx_word' id='word_1_62' title='bbox 843 540 882 569; x_wconf 91' lang='lat' dir='ltr'>et</span> <span class='ocrx_word' id='word_1_63' title='bbox 915 544 938 569; x_wconf 86' lang='lat' dir='ltr'>a</span> <span class='ocrx_word' id='word_1_64' title='bbox 971 533 1028 569; x_wconf 82' lang='lat'>38.</span> <span class='ocrx_word' id='word_1_65' title='bbox 1066 533 1108 568; x_wconf 90' lang='grc' dir='ltr'>1Ο</span> <span class='ocrx_word' id='word_1_66' title='bbox 1143 543 1195 579; x_wconf 76' lang='lat' dir='ltr'>(p.</span> <span class='ocrx_word' id='word_1_67' title='bbox 1218 532 1288 575; x_wconf 67' lang='lat'>⁴24).</span> <span class='ocrx_word' id='word_1_68' title='bbox 1308 532 1393 567; x_wconf 91' lang='lat' dir='ltr'>iam</span> <span class='ocrx_word' id='word_1_69' title='bbox 1412 531 1454 566; x_wconf 88' lang='lat' dir='ltr'>in</span> <span class='ocrx_word' id='word_1_70' title='bbox 1473 531 1566 577; x_wconf 90' lang='lat' dir='ltr'>ipsa</span> <span class='ocrx_word' id='word_1_71' title='bbox 1584 531 1874 567; x_wconf 79' lang='lat' dir='ltr'>narrationer</span> 
     </span>
     <span class='ocr_line' id='line_1_7' title="bbox 178 594 1871 652; baseline -0.004 -10"><span class='ocrx_word' id='word_1_72' title='bbox 178 605 237 642; x_wconf 79' lang='lat' dir='ltr'>IV</span> <span class='ocrx_word' id='word_1_73' title='bbox 283 606 314 642; x_wconf 90' lang='grc'>7.</span> <span class='ocrx_word' id='word_1_74' title='bbox 364 606 407 641; x_wconf 89' lang='grc'>17</span> <span class='ocrx_word' id='word_1_75' title='bbox 453 605 595 642; x_wconf 81' lang='lat' dir='ltr'>videte</span> <span class='ocrx_word' id='word_1_76' title='bbox 635 604 734 652; x_wconf 62' lang='lat' dir='ltr'>quia</span> <span class='ocrx_word' id='word_1_77' title='bbox 755 635 760 640; x_wconf 93' lang='lat'>.</span> <span class='ocrx_word' id='word_1_78' title='bbox 783 634 788 640; x_wconf 92' lang='lat'><em>.</em></span> <span class='ocrx_word' id='word_1_79' title='bbox 809 625 851 629; x_wconf 87' lang='lat'>——</span> <span class='ocrx_word' id='word_1_80' title='bbox 872 604 980 640; x_wconf 64' lang='lat' dir='ltr'>vict.</span> <span class='ocrx_word' id='word_1_81' title='bbox 1020 603 1101 639; x_wconf 70' lang='lat' dir='ltr'>Vit.</span> <span class='ocrx_word' id='word_1_82' title='bbox 1144 603 1160 639; x_wconf 90' lang='grc' dir='ltr'>Ι</span> <span class='ocrx_word' id='word_1_83' title='bbox 1200 603 1246 638; x_wconf 93' lang='grc'>49</span> <span class='ocrx_word' id='word_1_84' title='bbox 1281 602 1507 647; x_wconf 67' lang='lat' dir='ltr'>cognoscit</span> <span class='ocrx_word' id='word_1_85' title='bbox 1542 601 1646 637; x_wconf 85' lang='lat' dir='ltr'>deus</span> <span class='ocrx_word' id='word_1_86' title='bbox 1681 601 1780 646; x_wconf 76' lang='lat' dir='ltr'>quia</span> <span class='ocrx_word' id='word_1_87' title='bbox 1815 594 1871 636; x_wconf 79' lang='lat' dir='ltr'>ir&#39;i-</span> 
     </span>
     <span class='ocr_line' id='line_1_8' title="bbox 178 671 1873 720; baseline -0.004 -7"><span class='ocrx_word' id='word_1_88' title='bbox 178 677 288 713; x_wconf 84' lang='lat' dir='ltr'>vitus</span> <span class='ocrx_word' id='word_1_89' title='bbox 336 676 526 712; x_wconf 75' lang='lat' dir='ltr'>facturus</span> <span class='ocrx_word' id='word_1_90' title='bbox 573 686 618 711; x_wconf 89' lang='lat' dir='ltr'>es</span> <span class='ocrx_word' id='word_1_91' title='bbox 665 675 763 718; x_wconf 72' lang='lat' dir='ltr'>h0c3</span> <span class='ocrx_word' id='word_1_92' title='bbox 810 674 916 710; x_wconf 87' lang='lat' dir='ltr'>Hist.</span> <span class='ocrx_word' id='word_1_93' title='bbox 952 674 1171 720; x_wconf 80' lang='lat' dir='ltr'>Apollonii</span> <span class='ocrx_word' id='word_1_94' title='bbox 1212 672 1271 708; x_wconf 66' lang='lat' dir='ltr'>VI</span> <span class='ocrx_word' id='word_1_95' title='bbox 1305 683 1343 719; x_wconf 88' lang='lat' dir='ltr'>p.</span> <span class='ocrx_word' id='word_1_96' title='bbox 1377 676 1410 708; x_wconf 62' lang='lat'>8.</span> <span class='ocrx_word' id='word_1_97' title='bbox 1446 673 1468 708; x_wconf 90' lang='lat'>6</span> <span class='ocrx_word' id='word_1_98' title='bbox 1502 672 1538 708; x_wconf 84' lang='lat' dir='ltr'>R</span> <span class='ocrx_word' id='word_1_99' title='bbox 1573 672 1685 708; x_wconf 83' lang='lat' dir='ltr'>scias</span> <span class='ocrx_word' id='word_1_100' title='bbox 1719 671 1873 716; x_wconf 79' lang='lat' dir='ltr'>qnia..</span> 
     </span>
     <span class='ocr_line' id='line_1_9' title="bbox 178 742 1873 794; baseline -0.004 -10"><span class='ocrx_word' id='word_1_101' title='bbox 178 748 434 794; x_wconf 86' lang='lat' dir='ltr'>Apollonius</span> <span class='ocrx_word' id='word_1_102' title='bbox 480 746 642 782; x_wconf 82' lang='lat' dir='ltr'>invenit</span> <span class='ocrx_word' id='word_1_103' title='bbox 687 746 958 787; x_wconf 76' lang='lat' dir='ltr'>solutionem,</span> <span class='ocrx_word' id='word_1_104' title='bbox 1004 744 1145 780; x_wconf 72' lang='lat' dir='ltr'>XXXI</span> <span class='ocrx_word' id='word_1_105' title='bbox 1192 755 1230 790; x_wconf 89' lang='lat' dir='ltr'>p.</span> <span class='ocrx_word' id='word_1_106' title='bbox 1268 745 1324 779; x_wconf 77' lang='lat'>60.</span> <span class='ocrx_word' id='word_1_107' title='bbox 1363 743 1374 779; x_wconf 87' lang='lat'>1</span> <span class='ocrx_word' id='word_1_108' title='bbox 1416 743 1453 779; x_wconf 82' lang='lat' dir='ltr'>R</span> <span class='ocrx_word' id='word_1_109' title='bbox 1489 749 1590 789; x_wconf 88' lang='lat' dir='ltr'>puto</span> <span class='ocrx_word' id='word_1_110' title='bbox 1627 742 1725 787; x_wconf 77' lang='lat' dir='ltr'>qnia</span> <span class='ocrx_word' id='word_1_111' title='bbox 1762 752 1873 778; x_wconf 89' lang='lat' dir='ltr'>mor-</span> 
     </span>
     <span class='ocr_line' id='line_1_10' title="bbox 179 814 1873 863; baseline -0.004 -8"><span class='ocrx_word' id='word_1_112' title='bbox 179 824 274 855; x_wconf 86' lang='lat' dir='ltr'>tuus</span> <span class='ocrx_word' id='word_1_113' title='bbox 322 824 400 859; x_wconf 81' lang='lat' dir='ltr'>est:</span> <span class='ocrx_word' id='word_1_114' title='bbox 447 817 667 863; x_wconf 76' lang='lat' dir='ltr'>Peregrin.</span> <span class='ocrx_word' id='word_1_115' title='bbox 714 816 761 852; x_wconf 82' lang='grc'>43</span> <span class='ocrx_word' id='word_1_116' title='bbox 807 816 969 852; x_wconf 80' lang='lat' dir='ltr'>credite</span> <span class='ocrx_word' id='word_1_117' title='bbox 1016 815 1117 851; x_wconf 90' lang='lat' dir='ltr'>mihi</span> <span class='ocrx_word' id='word_1_118' title='bbox 1164 815 1263 860; x_wconf 79' lang='lat' dir='ltr'>qm&#39;a</span> <span class='ocrx_word' id='word_1_119' title='bbox 1299 815 1500 851; x_wconf 80' lang='lat' dir='ltr'>columna</span> <span class='ocrx_word' id='word_1_120' title='bbox 1534 814 1627 860; x_wconf 84' lang='lat' dir='ltr'>ipsa</span> <span class='ocrx_word' id='word_1_121' title='bbox 1668 814 1753 849; x_wconf 83' lang='lat' dir='ltr'>iam</span> <span class='ocrx_word' id='word_1_122' title='bbox 1788 822 1873 848; x_wconf 87' lang='lat' dir='ltr'>non</span> 
     </span>
     <span class='ocr_line' id='line_1_11' title="bbox 178 884 1874 936; baseline -0.004 -11"><span class='ocrx_word' id='word_1_123' title='bbox 178 894 316 936; x_wconf 81' lang='lat' dir='ltr'>paret;</span> <span class='ocrx_word' id='word_1_124' title='bbox 363 887 538 924; x_wconf 88' lang='lat' dir='ltr'>Hieron.</span> <span class='ocrx_word' id='word_1_125' title='bbox 584 887 814 923; x_wconf 79' lang='lat' dir='ltr'>Maredsol.</span> <span class='ocrx_word' id='word_1_126' title='bbox 862 886 931 923; x_wconf 89' lang='lat' dir='ltr'>III.</span> <span class='ocrx_word' id='word_1_127' title='bbox 977 886 1000 922; x_wconf 81' lang='lat'><strong>2</strong></span> <span class='ocrx_word' id='word_1_128' title='bbox 1038 888 1071 922; x_wconf 94' lang='lat'>5.</span> <span class='ocrx_word' id='word_1_129' title='bbox 1106 887 1128 922; x_wconf 93' lang='lat'>6</span> <span class='ocrx_word' id='word_1_130' title='bbox 1162 886 1315 922; x_wconf 71' lang='lat' dir='ltr'>videtis</span> <span class='ocrx_word' id='word_1_131' title='bbox 1351 885 1449 931; x_wconf 76' lang='lat' dir='ltr'>quia</span> <span class='ocrx_word' id='word_1_132' title='bbox 1486 895 1583 921; x_wconf 89' lang='lat' dir='ltr'>cum</span> <span class='ocrx_word' id='word_1_133' title='bbox 1619 884 1685 920; x_wconf 83' lang='lat' dir='ltr'>Xo</span> <span class='ocrx_word' id='word_1_134' title='bbox 1721 894 1874 930; x_wconf 78' lang='lat' dir='ltr'>regna-</span> 
     </span>
     <span class='ocr_line' id='line_1_12' title="bbox 178 954 1873 1003; baseline -0.004 -8"><span class='ocrx_word' id='word_1_135' title='bbox 178 959 331 1003; x_wconf 76' lang='lat' dir='ltr'>bimus,</span> <span class='ocrx_word' id='word_1_136' title='bbox 383 958 548 1003; x_wconf 80' lang='lat' dir='ltr'>videtis,</span> <span class='ocrx_word' id='word_1_137' title='bbox 600 957 801 1003; x_wconf 71' lang='lat' dir='ltr'>quoniam</span> <span class='ocrx_word' id='word_1_138' title='bbox 854 957 1021 1003; x_wconf 76' lang='lat' dir='ltr'>lignum</span> <span class='ocrx_word' id='word_1_139' title='bbox 1069 957 1150 993; x_wconf 91' lang='lat' dir='ltr'>hoc</span> <span class='ocrx_word' id='word_1_140' title='bbox 1190 957 1427 1003; x_wconf 86' lang='lat' dir='ltr'>plantatum</span> <span class='ocrx_word' id='word_1_141' title='bbox 1468 963 1530 991; x_wconf 81' lang='lat' dir='ltr'>est</span> <span class='ocrx_word' id='word_1_142' title='bbox 1573 956 1613 991; x_wconf 88' lang='lat' dir='ltr'>in</span> <span class='ocrx_word' id='word_1_143' title='bbox 1657 954 1873 1001; x_wconf 78' lang='lat' dir='ltr'>paradiso.</span> 
     </span>
    </p>

    <p class='ocr_par' dir='ltr' id='par_1_3' title="bbox 178 1015 1876 1291">
     <span class='ocr_line' id='line_1_13' title="bbox 291 1015 1876 1079; baseline -0.004 -13"><span class='ocrx_word' id='word_1_144' title='bbox 291 1015 526 1079; x_wconf 73' lang='lat' dir='ltr'>propter&#39;</span> <span class='ocrx_word' id='word_1_145' title='bbox 560 1026 701 1077; x_wconf 78' lang='lat' dir='ltr'>quod</span> <span class='ocrx_word' id='word_1_146' title='bbox 731 1040 774 1052; x_wconf 71' lang='grc' dir='ltr'>Ξ</span> <span class='ocrx_word' id='word_1_147' title='bbox 807 1033 1060 1077; x_wconf 84' lang='lat' dir='ltr'>propterea</span> <span class='ocrx_word' id='word_1_148' title='bbox 1093 1025 1230 1076; x_wconf 87' lang='lat' dir='ltr'>quod.</span> <span class='ocrx_word' id='word_1_149' title='bbox 1283 1038 1321 1062; x_wconf 79' lang='lat' dir='ltr'>w</span> <span class='ocrx_word' id='word_1_150' title='bbox 1374 1027 1388 1062; x_wconf 87' lang='lat' dir='ltr'>I</span> <span class='ocrx_word' id='word_1_151' title='bbox 1432 1028 1464 1063; x_wconf 74' lang='lat'>5.</span> <span class='ocrx_word' id='word_1_152' title='bbox 1494 1028 1518 1062; x_wconf 76' lang='lat'>5</span> <span class='ocrx_word' id='word_1_153' title='bbox 1545 1037 1596 1072; x_wconf 61' lang='grc' dir='ltr'>«ρ.</span> <span class='ocrx_word' id='word_1_154' title='bbox 1618 1026 1676 1062; x_wconf 67' lang='grc'>48)</span> <span class='ocrx_word' id='word_1_155' title='bbox 1704 1028 1876 1071; x_wconf 71' lang='lat' dir='ltr'>propter</span> 
     </span>
     <span class='ocr_line' id='line_1_14' title="bbox 179 1097 1876 1157; baseline -0.003 -14"><span class='ocrx_word' id='word_1_156' title='bbox 179 1106 291 1152; x_wconf 81' lang='lat' dir='ltr'>quod</span> <span class='ocrx_word' id='word_1_157' title='bbox 314 1106 497 1142; x_wconf 64' lang='lat' dir='ltr'>*multae</span> <span class='ocrx_word' id='word_1_158' title='bbox 515 1106 656 1143; x_wconf 64' lang='lat' dir='ltr'>*ferae</span> <span class='ocrx_word' id='word_1_159' title='bbox 681 1097 889 1157; x_wconf 71' lang='lat' dir='ltr'>(veniant)</span> <span class='ocrx_word' id='word_1_160' title='bbox 924 1106 977 1142; x_wconf 77' lang='lat' dir='ltr'>ad</span> <span class='ocrx_word' id='word_1_161' title='bbox 996 1106 1176 1142; x_wconf 65' lang='lat' dir='ltr'>stabula⁴</span> <span class='ocrx_word' id='word_1_162' title='bbox 1219 1126 1261 1129; x_wconf 96' lang='lat'><strong>—</strong></span> <span class='ocrx_word' id='word_1_163' title='bbox 1298 1104 1429 1150; x_wconf 78' lang='lat' dir='ltr'>Greg.</span> <span class='ocrx_word' id='word_1_164' title='bbox 1449 1103 1548 1139; x_wconf 89' lang='lat' dir='ltr'>Tur.</span> <span class='ocrx_word' id='word_1_165' title='bbox 1574 1102 1655 1139; x_wconf 83' lang='grc'>279.</span> <span class='ocrx_word' id='word_1_166' title='bbox 1681 1103 1727 1138; x_wconf 89' lang='grc'>“.)4</span> <span class='ocrx_word' id='word_1_167' title='bbox 1754 1102 1876 1149; x_wconf 80' lang='lat' dir='ltr'>quasi</span> 
     </span>
     <span class='ocr_line' id='line_1_15' title="bbox 178 1173 1876 1225; baseline -0.004 -11"><span class='ocrx_word' id='word_1_168' title='bbox 178 1188 264 1214; x_wconf 91' lang='lat' dir='ltr'>non</span> <span class='ocrx_word' id='word_1_169' title='bbox 314 1178 368 1214; x_wconf 91' lang='lat' dir='ltr'>sit</span> <span class='ocrx_word' id='word_1_170' title='bbox 413 1179 630 1225; x_wconf 79' lang='lat' dir='ltr'>gloriosus</span> <span class='ocrx_word' id='word_1_171' title='bbox 678 1189 775 1215; x_wconf 89' lang='lat' dir='ltr'>cum</span> <span class='ocrx_word' id='word_1_172' title='bbox 822 1184 954 1224; x_wconf 72' lang='lat' dir='ltr'>patre,</span> <span class='ocrx_word' id='word_1_173' title='bbox 1000 1179 1174 1223; x_wconf 71' lang='lat' dir='ltr'>propter</span> <span class='ocrx_word' id='word_1_174' title='bbox 1219 1175 1330 1221; x_wconf 79' lang='lat' dir='ltr'>quod</span> <span class='ocrx_word' id='word_1_175' title='bbox 1376 1185 1473 1211; x_wconf 88' lang='lat' dir='ltr'>eum</span> <span class='ocrx_word' id='word_1_176' title='bbox 1516 1174 1782 1215; x_wconf 70' lang='lat' dir='ltr'>adnuntiavit</span> <span class='ocrx_word' id='word_1_177' title='bbox 1810 1173 1876 1212; x_wconf 66' lang='lat' dir='ltr'>(ci.</span> 
     </span>
     <span class='ocr_line' id='line_1_16' title="bbox 181 1248 565 1291; baseline -0.008 -4"><span class='ocrx_word' id='word_1_178' title='bbox 181 1250 364 1287; x_wconf 79' lang='lat' dir='ltr'>BONNET</span> <span class='ocrx_word' id='word_1_179' title='bbox 401 1248 482 1285; x_wconf 78' lang='lat'>326.</span> <span class='ocrx_word' id='word_1_180' title='bbox 521 1250 565 1291; x_wconf 66' lang='lat' dir='ltr'>l.)</span> 
     </span>
    </p>

    <p class='ocr_par' dir='ltr' id='par_1_4' title="bbox 181 1321 1880 1734">
     <span class='ocr_line' id='line_1_17' title="bbox 298 1321 1877 1373; baseline -0.002 -10"><span class='ocrx_word' id='word_1_181' title='bbox 298 1323 350 1363; x_wconf 81' lang='lat' dir='ltr'>si</span> <span class='ocrx_word' id='word_1_182' title='bbox 387 1323 594 1373; x_wconf 84' lang='lat' dir='ltr'>adiungit</span> <span class='ocrx_word' id='word_1_183' title='bbox 626 1323 904 1363; x_wconf 79' lang='lat' dir='ltr'>indirectam</span> <span class='ocrx_word' id='word_1_184' title='bbox 936 1321 1367 1372; x_wconf 82' lang='lat' dir='ltr'>interrogationem.</span> <span class='ocrx_word' id='word_1_185' title='bbox 1415 1334 1454 1358; x_wconf 80' lang='lat' dir='ltr'>w</span> <span class='ocrx_word' id='word_1_186' title='bbox 1502 1322 1539 1358; x_wconf 64' lang='lat' dir='ltr'>V</span> <span class='ocrx_word' id='word_1_187' title='bbox 1570 1322 1604 1358; x_wconf 76' lang='lat'>2.</span> <span class='ocrx_word' id='word_1_188' title='bbox 1644 1323 1686 1358; x_wconf 90' lang='grc'>14</span> <span class='ocrx_word' id='word_1_189' title='bbox 1721 1333 1772 1368; x_wconf 87' lang='lat' dir='ltr'>·p.</span> <span class='ocrx_word' id='word_1_190' title='bbox 1815 1322 1877 1360; x_wconf 73' lang='grc'>54)</span> 
     </span>
     <span class='ocr_line' id='line_1_18' title="bbox 181 1393 1877 1443; baseline -0.003 -10"><span class='ocrx_word' id='word_1_191' title='bbox 181 1397 421 1443; x_wconf 76' lang='lat' dir='ltr'>interrogat</span> <span class='ocrx_word' id='word_1_192' title='bbox 459 1396 499 1432; x_wconf 77' lang='lat' dir='ltr'>si</span> <span class='ocrx_word' id='word_1_193' title='bbox 530 1397 722 1433; x_wconf 80' lang='lat' dir='ltr'>foetitum</span> <span class='ocrx_word' id='word_1_194' title='bbox 757 1397 934 1432; x_wconf 85' lang='lat' dir='ltr'>haberet</span> <span class='ocrx_word' id='word_1_195' title='bbox 970 1406 1029 1437; x_wconf 73' lang='lat' dir='ltr'>os.</span> <span class='ocrx_word' id='word_1_196' title='bbox 1068 1406 1090 1431; x_wconf 88' lang='lat' dir='ltr'>a</span> <span class='ocrx_word' id='word_1_197' title='bbox 1126 1395 1173 1431; x_wconf 87' lang='lat'>33</span> <span class='ocrx_word' id='word_1_198' title='bbox 1206 1395 1447 1440; x_wconf 78' lang='lat' dir='ltr'>interrogat</span> <span class='ocrx_word' id='word_1_199' title='bbox 1481 1394 1520 1429; x_wconf 72' lang='lat' dir='ltr'>se·</span> <span class='ocrx_word' id='word_1_200' title='bbox 1536 1399 1648 1430; x_wconf 87' lang='lat' dir='ltr'>esset</span> <span class='ocrx_word' id='word_1_201' title='bbox 1668 1393 1805 1429; x_wconf 86' lang='lat' dir='ltr'>altior.</span> <span class='ocrx_word' id='word_1_202' title='bbox 1832 1413 1877 1417; x_wconf 77' lang='lat'>——</span> 
     </span>
     <span class='ocr_line' id='line_1_19' title="bbox 182 1464 1880 1515; baseline -0.003 -11"><span class='ocrx_word' id='word_1_203' title='bbox 182 1467 290 1504; x_wconf 66' lang='lat' dir='ltr'>Vict.</span> <span class='ocrx_word' id='word_1_204' title='bbox 337 1467 420 1504; x_wconf 72' lang='lat' dir='ltr'>Vit.</span> <span class='ocrx_word' id='word_1_205' title='bbox 469 1467 505 1504; x_wconf 93' lang='lat' dir='ltr'>II</span> <span class='ocrx_word' id='word_1_206' title='bbox 550 1468 597 1504; x_wconf 81' lang='grc'>39</span> <span class='ocrx_word' id='word_1_207' title='bbox 646 1479 729 1515; x_wconf 86' lang='lat' dir='ltr'>quo</span> <span class='ocrx_word' id='word_1_208' title='bbox 777 1468 912 1514; x_wconf 88' lang='lat' dir='ltr'>possit</span> <span class='ocrx_word' id='word_1_209' title='bbox 960 1467 1139 1513; x_wconf 77' lang='lat' dir='ltr'>agnosci</span> <span class='ocrx_word' id='word_1_210' title='bbox 1186 1466 1226 1502; x_wconf 77' lang='lat' dir='ltr'>si</span> <span class='ocrx_word' id='word_1_211' title='bbox 1264 1466 1478 1512; x_wconf 80' lang='lat' dir='ltr'>integram</span> <span class='ocrx_word' id='word_1_212' title='bbox 1515 1464 1643 1501; x_wconf 89' lang='lat' dir='ltr'>fidem</span> <span class='ocrx_word' id='word_1_213' title='bbox 1679 1464 1880 1506; x_wconf 72' lang='lat' dir='ltr'>teneatis;</span> 
     </span>
     <span class='ocr_line' id='line_1_20' title="bbox 183 1535 1878 1585; baseline -0.003 -10"><span class='ocrx_word' id='word_1_214' title='bbox 183 1539 313 1585; x_wconf 76' lang='lat' dir='ltr'>Greg.</span> <span class='ocrx_word' id='word_1_215' title='bbox 361 1539 460 1575; x_wconf 88' lang='lat' dir='ltr'>Tur.</span> <span class='ocrx_word' id='word_1_216' title='bbox 508 1539 588 1575; x_wconf 79' lang='lat'><em>77‘2.</em></span> <span class='ocrx_word' id='word_1_217' title='bbox 639 1540 677 1575; x_wconf 92' lang='grc'>11</span> <span class='ocrx_word' id='word_1_218' title='bbox 728 1539 884 1585; x_wconf 76' lang='lat' dir='ltr'>ignoro</span> <span class='ocrx_word' id='word_1_219' title='bbox 920 1538 982 1574; x_wconf 72' lang='lat' dir='ltr'>si.</span> <span class='ocrx_word' id='word_1_220' title='bbox 1005 1568 1038 1579; x_wconf 77' lang='grc'>.,</span> <span class='ocrx_word' id='word_1_221' title='bbox 1074 1538 1127 1574; x_wconf 80' lang='lat' dir='ltr'>ib.</span> <span class='ocrx_word' id='word_1_222' title='bbox 1161 1537 1207 1573; x_wconf 72' lang='lat'>‘20</span> <span class='ocrx_word' id='word_1_223' title='bbox 1238 1538 1556 1583; x_wconf 77' lang='lat' dir='ltr'>interrogarem</span> <span class='ocrx_word' id='word_1_224' title='bbox 1592 1536 1654 1572; x_wconf 69' lang='lat' dir='ltr'>si.</span> <span class='ocrx_word' id='word_1_225' title='bbox 1677 1566 1710 1576; x_wconf 74' lang='grc'>.,</span> <span class='ocrx_word' id='word_1_226' title='bbox 1740 1535 1821 1571; x_wconf 78' lang='grc'>634.</span> <span class='ocrx_word' id='word_1_227' title='bbox 1857 1535 1878 1570; x_wconf 87' lang='grc'>7</span> 
     </span>
     <span class='ocr_line' id='line_1_21' title="bbox 182 1607 1879 1657; baseline -0.002 -12"><span class='ocrx_word' id='word_1_228' title='bbox 182 1610 404 1657; x_wconf 81' lang='lat' dir='ltr'>interrogo</span> <span class='ocrx_word' id='word_1_229' title='bbox 451 1610 664 1649; x_wconf 72' lang='lat' dir='ltr'>si...174.</span> <span class='ocrx_word' id='word_1_230' title='bbox 699 1610 722 1646; x_wconf 71' lang='lat'>8</span> <span class='ocrx_word' id='word_1_231' title='bbox 768 1610 1011 1646; x_wconf 72' lang='lat' dir='ltr'>sciscitatur</span> <span class='ocrx_word' id='word_1_232' title='bbox 1058 1609 1092 1645; x_wconf 87' lang='lat' dir='ltr'>si</span> <span class='ocrx_word' id='word_1_233' title='bbox 1128 1609 1278 1645; x_wconf 73' lang='lat' dir='ltr'>foedus</span> <span class='ocrx_word' id='word_1_234' title='bbox 1315 1607 1575 1645; x_wconf 87' lang='lat' dir='ltr'>custodiatis.</span> <span class='ocrx_word' id='word_1_235' title='bbox 1610 1607 1658 1643; x_wconf 80' lang='lat' dir='ltr'>cf.</span> <span class='ocrx_word' id='word_1_236' title='bbox 1694 1608 1879 1644; x_wconf 76' lang='lat' dir='ltr'>RoNSCH</span> 
     </span>
     <span class='ocr_line' id='line_1_22' title="bbox 184 1686 1111 1734; baseline -0.001 -12"><span class='ocrx_word' id='word_1_237' title='bbox 184 1687 227 1723; x_wconf 90' lang='lat' dir='ltr'>It.</span> <span class='ocrx_word' id='word_1_238' title='bbox 258 1687 338 1732; x_wconf 72' lang='grc'>403,</span> <span class='ocrx_word' id='word_1_239' title='bbox 373 1688 595 1725; x_wconf 83' lang='lat' dir='ltr'>GOELZER</span> <span class='ocrx_word' id='word_1_240' title='bbox 630 1686 720 1723; x_wconf 84' lang='lat' dir='ltr'>Lat.</span> <span class='ocrx_word' id='word_1_241' title='bbox 756 1687 808 1723; x_wconf 88' lang='lat' dir='ltr'>de</span> <span class='ocrx_word' id='word_1_242' title='bbox 843 1686 884 1723; x_wconf 80' lang='lat' dir='ltr'>S.</span> <span class='ocrx_word' id='word_1_243' title='bbox 913 1686 996 1734; x_wconf 63' lang='lat' dir='ltr'>Jc-r.</span> <span class='ocrx_word' id='word_1_244' title='bbox 1031 1686 1111 1722; x_wconf 74' lang='grc'>430.</span> 
     </span>
    </p>

    <p class='ocr_par' dir='ltr' id='par_1_5' title="bbox 182 1754 1881 2088">
     <span class='ocr_line' id='line_1_23' title="bbox 300 1754 1879 1804; baseline -0.003 -9"><span class='ocrx_word' id='word_1_245' title='bbox 300 1755 395 1795; x_wconf 77' lang='lat' dir='ltr'>Sed</span> <span class='ocrx_word' id='word_1_246' title='bbox 423 1755 476 1794; x_wconf 81' lang='lat' dir='ltr'>Si</span> <span class='ocrx_word' id='word_1_247' title='bbox 502 1775 545 1787; x_wconf 72' lang='lat' dir='ltr'><strong><em>z</em></strong></span> <span class='ocrx_word' id='word_1_248' title='bbox 578 1755 643 1795; x_wconf 80' lang='lat' dir='ltr'>ita</span> <span class='ocrx_word' id='word_1_249' title='bbox 668 1787 676 1794; x_wconf 86' lang='lat'><strong>.</strong></span> <span class='ocrx_word' id='word_1_250' title='bbox 705 1787 712 1794; x_wconf 89' lang='lat'><strong>.</strong></span> <span class='ocrx_word' id='word_1_251' title='bbox 737 1755 786 1794; x_wconf 90' lang='lat' dir='ltr'>si.</span> <span class='ocrx_word' id='word_1_252' title='bbox 838 1770 859 1793; x_wconf 81' lang='lat' dir='ltr'>a</span> <span class='ocrx_word' id='word_1_253' title='bbox 907 1759 962 1793; x_wconf 85' lang='lat'>65.</span> <span class='ocrx_word' id='word_1_254' title='bbox 1003 1758 1044 1793; x_wconf 86' lang='lat'>16</span> <span class='ocrx_word' id='word_1_255' title='bbox 1094 1766 1144 1804; x_wconf 80' lang='lat' dir='ltr'>[p.</span> <span class='ocrx_word' id='word_1_256' title='bbox 1191 1757 1250 1792; x_wconf 75' lang='grc' dir='ltr'>44ι</span> <span class='ocrx_word' id='word_1_257' title='bbox 1304 1755 1414 1792; x_wconf 82' lang='lat' dir='ltr'>Nam</span> <span class='ocrx_word' id='word_1_258' title='bbox 1455 1755 1586 1791; x_wconf 89' lang='lat' dir='ltr'>redeo</span> <span class='ocrx_word' id='word_1_259' title='bbox 1640 1763 1782 1791; x_wconf 88' lang='lat' dir='ltr'>tecum</span> <span class='ocrx_word' id='word_1_260' title='bbox 1835 1754 1879 1790; x_wconf 88' lang='lat' dir='ltr'>in</span> 
     </span>
     <span class='ocr_line' id='line_1_24' title="bbox 183 1825 1879 1876; baseline -0.002 -11"><span class='ocrx_word' id='word_1_261' title='bbox 183 1829 380 1876; x_wconf 75' lang='lat' dir='ltr'>gratiam,</span> <span class='ocrx_word' id='word_1_262' title='bbox 425 1828 501 1864; x_wconf 77' lang='lat' dir='ltr'>sed</span> <span class='ocrx_word' id='word_1_263' title='bbox 542 1828 582 1864; x_wconf 78' lang='lat' dir='ltr'>si</span> <span class='ocrx_word' id='word_1_264' title='bbox 625 1828 858 1865; x_wconf 63' lang='lat' dir='ltr'>obliviscar</span> <span class='ocrx_word' id='word_1_265' title='bbox 904 1829 1069 1865; x_wconf 85' lang='lat' dir='ltr'>securis</span> <span class='ocrx_word' id='word_1_266' title='bbox 1117 1827 1343 1874; x_wconf 84' lang='lat' dir='ltr'>perfidiam</span> <span class='ocrx_word' id='word_1_267' title='bbox 1368 1844 1411 1856; x_wconf 64' lang='grc' dir='ltr'>Ξ</span> <span class='ocrx_word' id='word_1_268' title='bbox 1434 1857 1467 1863; x_wconf 88' lang='grc'>..</span> <span class='ocrx_word' id='word_1_269' title='bbox 1495 1827 1550 1862; x_wconf 83' lang='lat' dir='ltr'>ita</span> <span class='ocrx_word' id='word_1_270' title='bbox 1599 1825 1748 1862; x_wconf 84' lang='lat' dir='ltr'>redibo</span> <span class='ocrx_word' id='word_1_271' title='bbox 1777 1855 1811 1861; x_wconf 93' lang='lat'>..</span> <span class='ocrx_word' id='word_1_272' title='bbox 1843 1825 1879 1861; x_wconf 87' lang='lat' dir='ltr'>si</span> 
     </span>
     <span class='ocr_line' id='line_1_25' title="bbox 184 1896 1877 1945; baseline -0.003 -9"><span class='ocrx_word' id='word_1_273' title='bbox 184 1900 416 1936; x_wconf 78' lang='lat' dir='ltr'>obliviscar</span> <span class='ocrx_word' id='word_1_274' title='bbox 435 1930 440 1935; x_wconf 96' lang='lat'>.</span> <span class='ocrx_word' id='word_1_275' title='bbox 463 1930 468 1935; x_wconf 95' lang='lat'>.</span> <span class='ocrx_word' id='word_1_276' title='bbox 489 1921 532 1926; x_wconf 90' lang='lat'>—-</span> <span class='ocrx_word' id='word_1_277' title='bbox 552 1900 747 1936; x_wconf 84' lang='lat' dir='ltr'>similiter</span> <span class='ocrx_word' id='word_1_278' title='bbox 763 1899 803 1935; x_wconf 76' lang='lat' dir='ltr'>si</span> <span class='ocrx_word' id='word_1_279' title='bbox 818 1902 959 1935; x_wconf 78' lang='lat' dir='ltr'>tamen</span> <span class='ocrx_word' id='word_1_280' title='bbox 978 1899 1200 1945; x_wconf 71' lang='lat' dir='ltr'>Peregrin.</span> <span class='ocrx_word' id='word_1_281' title='bbox 1219 1899 1261 1934; x_wconf 91' lang='grc'>41</span> <span class='ocrx_word' id='word_1_282' title='bbox 1285 1908 1441 1944; x_wconf 82' lang='lat' dir='ltr'>aquam</span> <span class='ocrx_word' id='word_1_283' title='bbox 1464 1927 1469 1933; x_wconf 89' lang='lat'>.</span> <span class='ocrx_word' id='word_1_284' title='bbox 1492 1927 1497 1933; x_wconf 94' lang='lat'><em>.</em></span> <span class='ocrx_word' id='word_1_285' title='bbox 1519 1897 1695 1943; x_wconf 75' lang='lat' dir='ltr'>potestis</span> <span class='ocrx_word' id='word_1_286' title='bbox 1714 1896 1877 1940; x_wconf 65' lang='lat' dir='ltr'>videre,</span> 
     </span>
     <span class='ocr_line' id='line_1_26' title="bbox 182 1967 1881 2017; baseline -0.002 -11"><span class='ocrx_word' id='word_1_287' title='bbox 182 1970 222 2006; x_wconf 70' lang='lat' dir='ltr'>si</span> <span class='ocrx_word' id='word_1_288' title='bbox 252 1974 393 2017; x_wconf 72' lang='lat' dir='ltr'>tamen</span> <span class='ocrx_word' id='word_1_289' title='bbox 429 1971 650 2007; x_wconf 81' lang='lat' dir='ltr'>volueritis</span> <span class='ocrx_word' id='word_1_290' title='bbox 686 1971 880 2007; x_wconf 83' lang='lat' dir='ltr'>laborem</span> <span class='ocrx_word' id='word_1_291' title='bbox 913 1971 1036 2006; x_wconf 80' lang='lat' dir='ltr'>vobis</span> <span class='ocrx_word' id='word_1_292' title='bbox 1072 1970 1295 2016; x_wconf 81' lang='lat' dir='ltr'>imponere</span> <span class='ocrx_word' id='word_1_293' title='bbox 1330 1986 1373 1998; x_wconf 71' lang='lat' dir='ltr'><strong><em>z</em></strong></span> <span class='ocrx_word' id='word_1_294' title='bbox 1411 1979 1567 2015; x_wconf 74' lang='lat' dir='ltr'>aquam</span> <span class='ocrx_word' id='word_1_295' title='bbox 1594 1968 1651 2004; x_wconf 86' lang='lat' dir='ltr'>ita</span> <span class='ocrx_word' id='word_1_296' title='bbox 1678 1967 1881 2003; x_wconf 69' lang='lat' dir='ltr'>videbitis</span> 
     </span>
     <span class='ocr_line' id='line_1_27' title="bbox 184 2042 952 2088; baseline -0.001 -10"><span class='ocrx_word' id='word_1_297' title='bbox 184 2042 218 2078; x_wconf 90' lang='lat' dir='ltr'>si</span> <span class='ocrx_word' id='word_1_298' title='bbox 261 2042 455 2078; x_wconf 84' lang='lat' dir='ltr'>laborem</span> <span class='ocrx_word' id='word_1_299' title='bbox 490 2042 613 2078; x_wconf 70' lang='lat' dir='ltr'>vobis</span> <span class='ocrx_word' id='word_1_300' title='bbox 634 2042 952 2088; x_wconf 68' lang='lat' dir='ltr'>imposueritis.</span> 
     </span>
    </p>
   </div>
   <div class='ocr_carea' id='block_1_3' title="bbox 915 2246 1150 2292">
    <p class='ocr_par' dir='ltr' id='par_1_6' title="bbox 915 2246 1150 2292">
     <span class='ocr_line' id='line_1_28' title="bbox 915 2246 1150 2292; baseline 0 0"><span class='ocrx_word' id='word_1_301' title='bbox 915 2246 1150 2292; x_wconf 71' lang='lat' dir='ltr'><strong>CASVS.</strong></span> 
     </span>
    </p>
   </div>
   <div class='ocr_carea' id='block_1_4' title="bbox 185 2366 1883 2911">
    <p class='ocr_par' dir='ltr' id='par_1_7' title="bbox 185 2366 1883 2911">
     <span class='ocr_line' id='line_1_29' title="bbox 303 2366 1882 2419; baseline -0.002 -12"><span class='ocrx_word' id='word_1_302' title='bbox 303 2367 495 2408; x_wconf 88' lang='lat' dir='ltr'>Numeri</span> <span class='ocrx_word' id='word_1_303' title='bbox 541 2368 788 2419; x_wconf 81' lang='lat' dir='ltr'>singularis</span> <span class='ocrx_word' id='word_1_304' title='bbox 827 2369 1126 2408; x_wconf 81' lang='lat' dir='ltr'>accusativus</span> <span class='ocrx_word' id='word_1_305' title='bbox 1159 2368 1344 2408; x_wconf 77' lang='lat' dir='ltr'>dativus</span> <span class='ocrx_word' id='word_1_306' title='bbox 1377 2367 1610 2407; x_wconf 83' lang='lat' dir='ltr'>ablativus</span> <span class='ocrx_word' id='word_1_307' title='bbox 1641 2366 1882 2406; x_wconf 87' lang='lat' dir='ltr'>secundae</span> 
     </span>
     <span class='ocr_line' id='line_1_30' title="bbox 186 2438 1882 2489; baseline -0.002 -11"><span class='ocrx_word' id='word_1_308' title='bbox 186 2438 523 2489; x_wconf 82' lang='lat' dir='ltr'>declinationis,</span> <span class='ocrx_word' id='word_1_309' title='bbox 564 2439 766 2478; x_wconf 90' lang='lat' dir='ltr'>omnium</span> <span class='ocrx_word' id='word_1_310' title='bbox 801 2451 914 2479; x_wconf 78' lang='lat' dir='ltr'>vero</span> <span class='ocrx_word' id='word_1_311' title='bbox 948 2439 1312 2479; x_wconf 85' lang='lat' dir='ltr'>declinationum</span> <span class='ocrx_word' id='word_1_312' title='bbox 1346 2438 1646 2478; x_wconf 74' lang='lat' dir='ltr'>accusativus</span> <span class='ocrx_word' id='word_1_313' title='bbox 1680 2444 1725 2476; x_wconf 88' lang='lat' dir='ltr'>et</span> <span class='ocrx_word' id='word_1_314' title='bbox 1759 2438 1882 2476; x_wconf 82' lang='lat' dir='ltr'>abla-</span> 
     </span>
     <span class='ocr_line' id='line_1_31' title="bbox 185 2509 1881 2561; baseline -0.002 -12"><span class='ocrx_word' id='word_1_315' title='bbox 185 2511 309 2550; x_wconf 84' lang='lat' dir='ltr'>tivus</span> <span class='ocrx_word' id='word_1_316' title='bbox 341 2509 590 2560; x_wconf 77' lang='lat' dir='ltr'>singularis</span> <span class='ocrx_word' id='word_1_317' title='bbox 623 2509 780 2561; x_wconf 90' lang='lat' dir='ltr'>quinto</span> <span class='ocrx_word' id='word_1_318' title='bbox 815 2518 860 2549; x_wconf 92' lang='lat' dir='ltr'>et</span> <span class='ocrx_word' id='word_1_319' title='bbox 894 2517 1027 2549; x_wconf 84' lang='lat' dir='ltr'>sexto</span> <span class='ocrx_word' id='word_1_320' title='bbox 1060 2510 1263 2550; x_wconf 81' lang='lat' dir='ltr'>saeculis</span> <span class='ocrx_word' id='word_1_321' title='bbox 1299 2509 1405 2549; x_wconf 77' lang='lat' dir='ltr'>viva</span> <span class='ocrx_word' id='word_1_322' title='bbox 1429 2509 1614 2560; x_wconf 88' lang='lat' dir='ltr'>quidem</span> <span class='ocrx_word' id='word_1_323' title='bbox 1639 2519 1755 2547; x_wconf 80' lang='lat' dir='ltr'>voce</span> <span class='ocrx_word' id='word_1_324' title='bbox 1780 2519 1881 2547; x_wconf 89' lang='lat' dir='ltr'>usu·</span> 
     </span>
     <span class='ocr_line' id='line_1_32' title="bbox 186 2580 1882 2632; baseline -0.002 -12"><span class='ocrx_word' id='word_1_325' title='bbox 186 2592 274 2632; x_wconf 90' lang='lat' dir='ltr'>que</span> <span class='ocrx_word' id='word_1_326' title='bbox 307 2581 547 2621; x_wconf 87' lang='lat' dir='ltr'>indiscreti</span> <span class='ocrx_word' id='word_1_327' title='bbox 580 2588 712 2620; x_wconf 82' lang='lat' dir='ltr'>erant</span> <span class='ocrx_word' id='word_1_328' title='bbox 745 2580 837 2620; x_wconf 85' lang='lat' dir='ltr'>iam</span> <span class='ocrx_word' id='word_1_329' title='bbox 870 2580 958 2620; x_wconf 82' lang='lat' dir='ltr'>diu.</span> <span class='ocrx_word' id='word_1_330' title='bbox 998 2585 1142 2629; x_wconf 80' lang='lat' dir='ltr'>itaque</span> <span class='ocrx_word' id='word_1_331' title='bbox 1177 2594 1201 2619; x_wconf 83' lang='lat' dir='ltr'>a</span> <span class='ocrx_word' id='word_1_332' title='bbox 1233 2583 1402 2629; x_wconf 68' lang='lat' dir='ltr'>¹22.C›‹p‚</span> <span class='ocrx_word' id='word_1_333' title='bbox 1422 2588 1566 2614; x_wconf 69' lang='lat' dir='ltr'>XXXIV</span> <span class='ocrx_word' id='word_1_334' title='bbox 1600 2581 1770 2618; x_wconf 75' lang='lat' dir='ltr'>consilio</span> <span class='ocrx_word' id='word_1_335' title='bbox 1789 2591 1882 2616; x_wconf 80' lang='lat' dir='ltr'>ver-</span> 
     </span>
     <span class='ocr_line' id='line_1_33' title="bbox 185 2649 1883 2700; baseline -0.002 -10"><span class='ocrx_word' id='word_1_336' title='bbox 185 2655 232 2690; x_wconf 87' lang='lat' dir='ltr'>tit</span> <span class='ocrx_word' id='word_1_337' title='bbox 267 2666 290 2690; x_wconf 89' lang='lat' dir='ltr'>a</span> <span class='ocrx_word' id='word_1_338' title='bbox 325 2671 370 2684; x_wconf 85' lang='lat'>=</span> <span class='ocrx_word' id='word_1_339' title='bbox 403 2654 624 2691; x_wconf 79' lang='lat' dir='ltr'>consilinm</span> <span class='ocrx_word' id='word_1_340' title='bbox 660 2655 785 2690; x_wconf 75' lang='lat' dir='ltr'>vertit</span> <span class='ocrx_word' id='word_1_341' title='bbox 828 2649 866 2687; x_wconf 86' lang='grc' dir='ltr'><strong>Φ</strong></span> <span class='ocrx_word' id='word_1_342' title='bbox 906 2654 921 2689; x_wconf 93' lang='grc' dir='ltr'>Ι</span> <span class='ocrx_word' id='word_1_343' title='bbox 963 2654 1006 2689; x_wconf 90' lang='lat'>31</span> <span class='ocrx_word' id='word_1_344' title='bbox 1043 2653 1086 2699; x_wconf 83' lang='lat' dir='ltr'>P,</span> <span class='ocrx_word' id='word_1_345' title='bbox 1123 2665 1145 2690; x_wconf 89' lang='lat' dir='ltr'>a</span> <span class='ocrx_word' id='word_1_346' title='bbox 1189 2654 1240 2689; x_wconf 83' lang='lat'>17.</span> <span class='ocrx_word' id='word_1_347' title='bbox 1280 2654 1294 2689; x_wconf 92' lang='lat'>1</span> <span class='ocrx_word' id='word_1_348' title='bbox 1340 2663 1390 2700; x_wconf 79' lang='lat' dir='ltr'>(p.</span> <span class='ocrx_word' id='word_1_349' title='bbox 1437 2654 1491 2689; x_wconf 59' lang='lat' dir='ltr'>lo</span> <span class='ocrx_word' id='word_1_350' title='bbox 1535 2652 1719 2688; x_wconf 82' lang='lat' dir='ltr'>blandiri</span> <span class='ocrx_word' id='word_1_351' title='bbox 1754 2652 1883 2687; x_wconf 75' lang='lat' dir='ltr'>(lomi-</span> 
     </span>
     <span class='ocr_line' id='line_1_34' title="bbox 186 2722 1883 2769; baseline -0.002 -8"><span class='ocrx_word' id='word_1_352' title='bbox 186 2736 289 2761; x_wconf 81' lang='lat' dir='ltr'>mmz</span> <span class='ocrx_word' id='word_1_353' title='bbox 332 2736 356 2761; x_wconf 89' lang='lat' dir='ltr'>a</span> <span class='ocrx_word' id='word_1_354' title='bbox 389 2726 449 2762; x_wconf 80' lang='lat' dir='ltr'>w2</span> <span class='ocrx_word' id='word_1_355' title='bbox 481 2725 594 2763; x_wconf 80' lang='lat' dir='ltr'>BMs</span> <span class='ocrx_word' id='word_1_356' title='bbox 629 2742 673 2755; x_wconf 73' lang='lat' dir='ltr'><strong><em>z</em></strong></span> <span class='ocrx_word' id='word_1_357' title='bbox 709 2725 892 2761; x_wconf 83' lang='lat' dir='ltr'>blandiri</span> <span class='ocrx_word' id='word_1_358' title='bbox 940 2724 1108 2760; x_wconf 69' lang='lat' dir='ltr'>domino</span> <span class='ocrx_word' id='word_1_359' title='bbox 1154 2726 1213 2760; x_wconf 77' lang='lat' dir='ltr'>wl</span> <span class='ocrx_word' id='word_1_360' title='bbox 1247 2724 1291 2764; x_wconf 76' lang='lat' dir='ltr'>F,</span> <span class='ocrx_word' id='word_1_361' title='bbox 1328 2735 1351 2759; x_wconf 79' lang='lat' dir='ltr'>a</span> <span class='ocrx_word' id='word_1_362' title='bbox 1384 2724 1440 2759; x_wconf 87' lang='lat'>35.</span> <span class='ocrx_word' id='word_1_363' title='bbox 1480 2724 1521 2759; x_wconf 94' lang='grc'>14</span> <span class='ocrx_word' id='word_1_364' title='bbox 1569 2734 1620 2769; x_wconf 68' lang='grc' dir='ltr'>(ρ.</span> <span class='ocrx_word' id='word_1_365' title='bbox 1661 2722 1721 2758; x_wconf 67' lang='grc'>’20)</span> <span class='ocrx_word' id='word_1_366' title='bbox 1769 2723 1883 2758; x_wconf 88' lang='lat' dir='ltr'>leoni</span> 
     </span>
     <span class='ocr_line' id='line_1_35' title="bbox 186 2793 1882 2843; baseline -0.002 -11"><span class='ocrx_word' id='word_1_367' title='bbox 186 2796 307 2832; x_wconf 90' lang='lat' dir='ltr'>iussit</span> <span class='ocrx_word' id='word_1_368' title='bbox 342 2797 463 2843; x_wconf 84' lang='lat' dir='ltr'>parci</span> <span class='ocrx_word' id='word_1_369' title='bbox 493 2797 559 2842; x_wconf 72' lang='lat' dir='ltr'>[et]</span> <span class='ocrx_word' id='word_1_370' title='bbox 594 2799 866 2833; x_wconf 75' lang='lat' dir='ltr'>nmnsnetmn</span> <span class='ocrx_word' id='word_1_371' title='bbox 898 2812 941 2825; x_wconf 76' lang='lat'>:-</span> <span class='ocrx_word' id='word_1_372' title='bbox 974 2825 979 2830; x_wconf 91' lang='lat'><em>.</em></span> <span class='ocrx_word' id='word_1_373' title='bbox 1008 2826 1014 2831; x_wconf 92' lang='lat'>.</span> <span class='ocrx_word' id='word_1_374' title='bbox 1041 2801 1276 2836; x_wconf 71' lang='lat' dir='ltr'>mansueto,</span> <span class='ocrx_word' id='word_1_375' title='bbox 1313 2805 1335 2830; x_wconf 80' lang='lat' dir='ltr'>a</span> <span class='ocrx_word' id='word_1_376' title='bbox 1370 2795 1426 2830; x_wconf 94' lang='grc'>44.</span> <span class='ocrx_word' id='word_1_377' title='bbox 1461 2795 1483 2829; x_wconf 95' lang='grc'>4</span> <span class='ocrx_word' id='word_1_378' title='bbox 1519 2804 1570 2840; x_wconf 77' lang='lat' dir='ltr'>‹p.</span> <span class='ocrx_word' id='word_1_379' title='bbox 1609 2794 1669 2829; x_wconf 76' lang='lat'>30&gt;</span> <span class='ocrx_word' id='word_1_380' title='bbox 1702 2793 1882 2829; x_wconf 70' lang='lat' dir='ltr'>oleastro</span> 
     </span>
     <span class='ocr_line' id='line_1_36' title="bbox 186 2863 1883 2911; baseline -0.002 -9"><span class='ocrx_word' id='word_1_381' title='bbox 186 2867 403 2903; x_wconf 82' lang='lat' dir='ltr'>iusserunt</span> <span class='ocrx_word' id='word_1_382' title='bbox 450 2867 554 2903; x_wconf 86' lang='lat' dir='ltr'>dare</span> <span class='ocrx_word' id='word_1_383' title='bbox 589 2884 633 2897; x_wconf 72' lang='lat' dir='ltr'><strong><em>z</em></strong></span> <span class='ocrx_word' id='word_1_384' title='bbox 668 2867 898 2903; x_wconf 71' lang='lat' dir='ltr'>oleastrum</span> <span class='ocrx_word' id='word_1_385' title='bbox 919 2896 925 2903; x_wconf 89' lang='lat'><strong><em>.</em></strong></span> <span class='ocrx_word' id='word_1_386' title='bbox 948 2896 981 2909; x_wconf 75' lang='grc'>.,</span> <span class='ocrx_word' id='word_1_387' title='bbox 1030 2877 1053 2901; x_wconf 87' lang='lat' dir='ltr'>a</span> <span class='ocrx_word' id='word_1_388' title='bbox 1098 2866 1155 2901; x_wconf 85' lang='grc'>51.</span> <span class='ocrx_word' id='word_1_389' title='bbox 1194 2866 1236 2901; x_wconf 87' lang='grc'>15</span> <span class='ocrx_word' id='word_1_390' title='bbox 1282 2876 1336 2911; x_wconf 83' lang='lat' dir='ltr'>‹p.</span> <span class='ocrx_word' id='word_1_391' title='bbox 1370 2865 1430 2901; x_wconf 54' lang='grc'>341</span> <span class='ocrx_word' id='word_1_392' title='bbox 1479 2865 1634 2901; x_wconf 86' lang='lat' dir='ltr'>adduci</span> <span class='ocrx_word' id='word_1_393' title='bbox 1669 2864 1711 2900; x_wconf 75' lang='lat' dir='ltr'>in</span> <span class='ocrx_word' id='word_1_394' title='bbox 1746 2863 1883 2900; x_wconf 76' lang='lat' dir='ltr'>medio</span> 
     </span>
    </p>
   </div>
  </div>
 </body>
</html>
