2152 3229
674 780 818 826 CAP.
853 781 886 826 I.
951 780 1041 825 DE
1075 779 1289 825 LIBRIS
1323 793 1351 824 a
1383 794 1425 824 w
1458 794 1496 824 ι’.

353 905 556 944 Primum
589 903 646 943 de
681 913 724 944 a.

351 986 379 1017 a
410 975 567 1015 littera
600 974 859 1014 minuscula
894 973 1160 1013 notavimus
1194 972 1369 1013 codicis
1401 972 1690 1012 miscellanei
1714 972 1933 1012 Vossiani

198 1063 201 1064 ⁷
231 1046 362 1088 latini
392 1045 636 1086 Leidensis
668 1045 740 1085 8:o
773 1057 847 1084 n:o
886 1045 937 1084 15
970 1043 1079 1084 folia
1119 1045 1197 1084 195
1232 1044 1424 1084 v.—203
1457 1056 1514 1093 κη,
1551 1055 1670 1094 quae
1700 1042 1932 1093 Aesopias

232 1118 415 1158 fabulas
442 1116 705 1157 continent.
741 1116 817 1167 qui
850 1116 1001 1155 codex
1036 1115 1176 1156 etiam
1209 1115 1434 1155 Ademari
1467 1113 1700 1154 nominari
1718 1115 1848 1154 solet.
1874 1115 1931 1153 ab

231 1189 469 1229 Ademaro
505 1187 628 1228 enim
667 1186 965 1227 Cabannensi
1004 1186 1049 1226 in
1081 1186 1366 1226 monasterio
1401 1185 1689 1226 §.Martialis
1721 1184 1932 1224 Lemovi-

232 1259 386 1300 censis
430 1259 619 1299 ineunte
667 1270 790 1298 saec.
830 1257 894 1297 XI
939 1257 1140 1308 scriptus
1185 1264 1268 1297 est.
1312 1257 1442 1297 cuius
1482 1256 1747 1297 fabularum
1785 1256 1931 1295 verba

233 1331 408 1371 circum
441 1330 654 1381 adpictas
686 1328 915 1380 imagines
948 1329 1124 1379 scripta
1157 1335 1262 1368 sunt
1294 1328 1460 1368 litteris
1492 1325 1807 1368 minutissimis
1837 1339 1931 1366 cre-

231 1402 418 1453 brisque
453 1400 755 1451 compendiis,
789 1399 936 1451 iisque
970 1399 1200 1439 interdum
1235 1399 1476 1450 ambiguis.
1516 1405 1564 1438 ut
1602 1398 1693 1438 fab.
1728 1398 1763 1438 H
1787 1418 1831 1431 -—-
1857 1410 1883 1438 a
1907 1400 1932 1438 6

233 1478 355 1524 (περ.
405 1485 447 1512 V.
483 1472 507 1512 3
558 1478 628 1511 est
667 1471 945 1523 accipitrem,
979 1483 1022 1511 v.
1057 1474 1081 1511 6
1116 1471 1354 1523 accipiter:
1401 1483 1443 1510 v.
1480 1472 1504 1509 9
1544 1481 1634 1510 acc.
1670 1476 1740 1510 est
1773 1470 1932 1521 accipi-

234 1548 314 1583 ter.
363 1555 452 1595 ego
500 1543 642 1594 ipsius
687 1542 862 1582 codicis
896 1554 923 1581 a
964 1541 1208 1593 praefecto
1251 1541 1563 1581 bibliothecae
1606 1540 1932 1591 Lugdunensis

233 1614 436 1665 benigne
475 1613 602 1654 missi
641 1614 788 1653 verba
821 1613 1059 1664 exscripsi.
1095 1612 1325 1653 editiones
1356 1613 1616 1664 impressae
1649 1613 1768 1652 duae
1803 1619 1929 1652 sunt:

232 1697 324 1725 una
356 1685 569 1725 NILANTH
602 1684 748 1735 Lugd.
784 1684 883 1724 Eat.
923 1684 1047 1735 1719,
1083 1695 1221 1735 quam
1256 1683 1502 1735 exscripsit
1531 1683 1930 1733 HERV1EUX‚Fab.

232 1758 309 1796 lat.
332 1754 389 1795 11²
420 1756 495 1796 131
523 1767 609 1807 sq.;
635 1756 785 1795 altera
809 1755 1006 1795 GEORGII
1028 1755 1223 1806 ΤΗΙΕιΕ,
1248 1754 1346 1794 Der
1368 1754 1633 1794 illustrierte
1657 1754 1931 1794 lateinische

232 1827 392 1878 Aesop
425 1826 573 1877 Lugd.
608 1826 708 1866 Bat.
749 1826 871 1866 1905.
907 1838 1025 1877 quae
1061 1837 1149 1876 ego
1184 1826 1319 1865 aliter
1351 1826 1562 1876 legeram
1592 1837 1648 1865 ac
1672 1825 1853 1864 THIELE
1876 1849 1931 1852 -—

234 1909 352 1949 quae
386 1909 539 1949 pauca
573 1904 677 1937 sunt
711 1921 766 1925 —
800 1909 857 1937 ea
887 1904 992 1948 post
1016 1909 1121 1936 cum
1144 1896 1528 1948 photographicis
1550 1896 1720 1936 tabulis
1744 1896 1931 1936 contuli.

234 1969 317 2008 sed
356 1975 461 2008 sunt
502 1979 621 2019 quae
661 1980 753 2008 non
792 1968 884 2008 iam
923 1968 1101 2019 possint
1142 1975 1272 2008 certo
1312 1967 1417 2018 legi.
1454 1979 1510 2007 ea
1542 1967 1727 2019 punctis
1759 1967 1931 2007 notavi.

352 2039 484 2079 Haec
524 2039 787 2079 fabularum
827 2039 1042 2079 collectio
1078 2038 1252 2079 codicis
1284 2049 1313 2079 a
1345 2039 1525 2078 duabus
1559 2051 1617 2078 ex
1651 2038 1933 2078 collectioni-

234 2111 319 2151 bus
368 2110 651 2151 concinnata
699 2109 814 2150 est¹.
867 2122 1060 2161 quarum
1111 2109 1441 2160 collectionum
1489 2121 1581 2149 una
1630 2110 1685 2149 de
1735 2109 1932 2149 Romulo

235 2188 418 2233 sumpta
443 2189 526 2232 est,
552 2182 791 2232 (Romulus
814 2189 971 2222 autem
994 2181 1092 2233 ipse
1117 2181 1174 2221 de
1198 2182 1244 2229 R,
1267 2180 1311 2220 id
1337 2188 1406 2221 est
1429 2181 1618 2232 Aesopo
1643 2181 1701 2220 ad
1724 2180 1931 2230 Rufum);

236 2252 398 2302 altera,
433 2264 571 2303 quam
603 2253 672 2293 Ad
706 2252 766 2303 (id
801 2259 871 2292 est
904 2251 1145 2302 Ademari)
1178 2252 1486 2303 nominamus,
1521 2259 1591 2292 est
1625 2251 1874 2303 peculiaris
1906 2262 1934 2292 a

237 2322 424 2362 codicis.
487 2322 716 2363 Romulea
754 2324 971 2364 collectio
1012 2323 1187 2363 codicis
1226 2334 1253 2365 a
1290 2322 1444 2362 XXXI
1486 2322 1669 2363 fabulas
1712 2322 1931 2369 continet,

355 2440 365 2458 ¹
399 2443 518 2482 Quam
558 2442 670 2474 talem
709 2443 968 2474 collectionem
1003 2444 1231 2475 Ademarum
1264 2453 1335 2474 non
1369 2443 1488 2484 ipsum
1520 2443 1668 2482 fecisse,
1701 2443 1766 2473 sed
1798 2443 1931 2473 librum

236 2502 401 2534 mutilum
438 2507 473 2532 et
506 2501 659 2532 iniurias
693 2502 873 2541 quasdam
906 2503 1103 2534 vetustatis
1136 2512 1289 2543 passum
1322 2503 1569 2543 descripsisse
1597 2512 1667 2534 non
1696 2502 1786 2533 satis
1814 2503 1932 2536 docte,

236 2562 301 2592 sed
329 2562 420 2592 satis
448 2561 659 2601 diligenter,
687 2566 835 2592 errores
864 2567 1036 2600 arguunt,
1063 2563 1188 2601 plures
1216 2562 1368 2592 admissi
1395 2568 1431 2592 et
1457 2562 1669 2602 propagati,
1697 2562 1860 2592 nonnulli
1888 2562 1932 2592 ab
1979 2580 1984 2585 -

237 2620 424 2651 Ademaro
456 2620 617 2651 fortasse
652 2619 852 2657 commissi,
887 2620 1044 2659 accedit,
1079 2620 1176 2660 quod
1209 2620 1355 2660 quidem
1390 2630 1474 2651 esse
1509 2620 1676 2651 eiusdem
1710 2621 1762 2651 rei
1788 2620 1933 2651 videtur

236 2679 424 2718 indicium,
459 2680 555 2719 quod
589 2684 780 2710 extremae
807 2678 956 2709 fabulae
984 2679 1019 2709 in
1048 2683 1074 2709 a
1101 2684 1207 2709 extra
1234 2679 1401 2709 ordinem
1426 2678 1632 2710 institutum
1661 2679 1811 2709 additae
1839 2685 1933 2710 sunt.

238 2737 341 2768 cuius
368 2738 421 2768 rei
450 2747 565 2769 causa
592 2738 739 2769 videtur
765 2747 810 2768 ea
837 2737 950 2768 fuisse
980 2737 1075 2777 quod
1103 2737 1295 2777 archetypi
1313 2737 1441 2768 folium
1461 2743 1541 2768 erat
1560 2738 1742 2768 divulsum
1762 2744 1797 2768 et
1815 2744 1932 2769 trans-

236 2797 395 2836 positum
424 2797 469 2827 ad
496 2796 610 2827 finem
638 2797 731 2828 libri.
760 2797 805 2828 de
834 2797 966 2827 eodem
994 2794 1199 2836 archetypo
1227 2801 1288 2826 aut
1315 2796 1535 2826 collectione
1564 2796 1743 2827 memoria
1762 2795 1932 2827 foliorum

237 2855 470 2894 singulorum
498 2861 599 2886 extat
625 2856 661 2886 in
687 2860 724 2886 W
751 2861 787 2887 et
814 2857 848 2887 in
875 2860 908 2886 1².
936 2856 980 2887 de
1009 2855 1138 2895 quibus
1164 2861 1249 2894 post
1276 2864 1445 2894 agemus.
