<?xml version="1.0" encoding="UTF-8"?>
<!DOCTYPE html PUBLIC "-//W3C//DTD XHTML 1.0 Transitional//EN"
    "http://www.w3.org/TR/xhtml1/DTD/xhtml1-transitional.dtd">
<html xmlns="http://www.w3.org/1999/xhtml" xml:lang="en" lang="en">
 <head>
  <title>
</title>
<meta http-equiv="Content-Type" content="text/html;charset=utf-8" />
  <meta name='ocr-system' content='tesseract 3.04.00' />
  <meta name='ocr-capabilities' content='ocr_page ocr_carea ocr_par ocr_line ocrx_word'/>
</head>
<body>
  <div class='ocr_page' id='page_1' title='image "./phaedrvssolvtvsv00phaeuoft_0076.png"; bbox 0 0 2152 3229; ppageno 0'>
   <div class='ocr_carea' id='block_1_1' title="bbox 245 112 1237 151">
    <p class='ocr_par' dir='ltr' id='par_1_1' title="bbox 245 112 1237 151">
     <span class='ocr_line' id='line_1_1' title="bbox 245 112 1237 151; baseline 0.001 -10"><span class='ocrx_word' id='word_1_1' title='bbox 245 114 368 141; x_wconf 81' lang='lat' dir='ltr'>LXXII</span> <span class='ocrx_word' id='word_1_2' title='bbox 962 112 1237 151; x_wconf 82' lang='lat' dir='ltr'>Prolegomena</span> 
     </span>
    </p>
   </div>
   <div class='ocr_carea' id='block_1_2' title="bbox 244 210 1948 550">
    <p class='ocr_par' dir='ltr' id='par_1_2' title="bbox 244 210 1948 550">
     <span class='ocr_line' id='line_1_2' title="bbox 249 210 1946 252; baseline -0.004 0"><span class='ocrx_word' id='word_1_3' title='bbox 249 217 323 252; x_wconf 71' lang='grc'><strong>178.</strong></span> <span class='ocrx_word' id='word_1_4' title='bbox 364 216 405 251; x_wconf 74' lang='lat'>12</span> <span class='ocrx_word' id='word_1_5' title='bbox 442 221 601 250; x_wconf 85' lang='lat' dir='ltr'>metum</span> <span class='ocrx_word' id='word_1_6' title='bbox 639 224 722 249; x_wconf 91' lang='lat' dir='ltr'>non</span> <span class='ocrx_word' id='word_1_7' title='bbox 759 213 906 249; x_wconf 83' lang='lat' dir='ltr'>habuit</span> <span class='ocrx_word' id='word_1_8' title='bbox 941 215 986 247; x_wconf 78' lang='lat' dir='ltr'>nt</span> <span class='ocrx_word' id='word_1_9' title='bbox 1019 211 1263 247; x_wconf 85' lang='lat' dir='ltr'>ministrum</span> <span class='ocrx_word' id='word_1_10' title='bbox 1292 210 1358 247; x_wconf 85' lang='lat' dir='ltr'>dei</span> <span class='ocrx_word' id='word_1_11' title='bbox 1386 221 1469 246; x_wconf 81' lang='lat' dir='ltr'>non</span> <span class='ocrx_word' id='word_1_12' title='bbox 1499 210 1664 246; x_wconf 84' lang='lat' dir='ltr'>audiret</span> <span class='ocrx_word' id='word_1_13' title='bbox 1693 211 1730 246; x_wconf 90' lang='lat' dir='ltr'>‹i.</span> <span class='ocrx_word' id='word_1_14' title='bbox 1757 222 1790 247; x_wconf 87' lang='lat' dir='ltr'>e.</span> <span class='ocrx_word' id='word_1_15' title='bbox 1820 211 1946 247; x_wconf 88' lang='lat' dir='ltr'>aude-</span> 
     </span>
     <span class='ocr_line' id='line_1_3' title="bbox 247 281 1945 332; baseline -0.004 -9"><span class='ocrx_word' id='word_1_16' title='bbox 247 296 328 324; x_wconf 74' lang='lat' dir='ltr'>ret)</span> <span class='ocrx_word' id='word_1_17' title='bbox 376 286 586 332; x_wconf 83' lang='lat' dir='ltr'>adripere.</span> <span class='ocrx_word' id='word_1_18' title='bbox 635 290 844 330; x_wconf 75' lang='lat' dir='ltr'>quatenus</span> <span class='ocrx_word' id='word_1_19' title='bbox 888 289 1031 319; x_wconf 85' lang='lat' dir='ltr'>autem</span> <span class='ocrx_word' id='word_1_20' title='bbox 1074 292 1153 318; x_wconf 85' lang='lat' dir='ltr'>usu</span> <span class='ocrx_word' id='word_1_21' title='bbox 1190 281 1442 328; x_wconf 79' lang='lat' dir='ltr'>antiquioris</span> <span class='ocrx_word' id='word_1_22' title='bbox 1476 281 1694 317; x_wconf 81' lang='lat' dir='ltr'>latinitatis·</span> <span class='ocrx_word' id='word_1_23' title='bbox 1729 292 1812 317; x_wconf 80' lang='lat' dir='ltr'>non</span> <span class='ocrx_word' id='word_1_24' title='bbox 1848 291 1945 317; x_wconf 87' lang='lat' dir='ltr'>cum</span> 
     </span>
     <span class='ocr_line' id='line_1_4' title="bbox 246 351 1948 400; baseline -0.004 -7"><span class='ocrx_word' id='word_1_25' title='bbox 246 357 520 393; x_wconf 72' lang='lat' dir='ltr'>coniunctivo</span> <span class='ocrx_word' id='word_1_26' title='bbox 558 355 789 391; x_wconf 74' lang='lat' dir='ltr'>voluntatis</span> <span class='ocrx_word' id='word_1_27' title='bbox 824 354 923 400; x_wconf 89' lang='lat' dir='ltr'>poni</span> <span class='ocrx_word' id='word_1_28' title='bbox 952 353 1149 400; x_wconf 89' lang='lat' dir='ltr'>potuerit,</span> <span class='ocrx_word' id='word_1_29' title='bbox 1179 363 1215 388; x_wconf 86' lang='lat' dir='ltr'>v.</span> <span class='ocrx_word' id='word_1_30' title='bbox 1243 352 1412 389; x_wconf 66' lang='lat' dir='ltr'>HANDH</span> <span class='ocrx_word' id='word_1_31' title='bbox 1439 351 1618 388; x_wconf 82' lang='lat' dir='ltr'>Tursell.</span> <span class='ocrx_word' id='word_1_32' title='bbox 1648 351 1705 387; x_wconf 73' lang='lat' dir='ltr'>IV</span> <span class='ocrx_word' id='word_1_33' title='bbox 1731 351 1777 387; x_wconf 83' lang='lat'>37</span> <span class='ocrx_word' id='word_1_34' title='bbox 1796 362 1886 398; x_wconf 86' lang='lat' dir='ltr'>sqq.</span> <span class='ocrx_word' id='word_1_35' title='bbox 1907 357 1948 388; x_wconf 88' lang='lat' dir='ltr'>et</span> 
     </span>
     <span class='ocr_line' id='line_1_5' title="bbox 244 421 1948 474; baseline -0.004 -10"><span class='ocrx_word' id='word_1_36' title='bbox 244 428 314 464; x_wconf 68' lang='grc'>204</span> <span class='ocrx_word' id='word_1_37' title='bbox 341 438 431 474; x_wconf 78' lang='lat' dir='ltr'>sqq,</span> <span class='ocrx_word' id='word_1_38' title='bbox 459 426 1078 463; x_wconf 70' lang='lat' dir='ltr'>REISIG-HAASE-LANDGRAF</span> <span class='ocrx_word' id='word_1_39' title='bbox 1106 422 1184 459; x_wconf 82' lang='lat' dir='ltr'>III3</span> <span class='ocrx_word' id='word_1_40' title='bbox 1211 434 1248 470; x_wconf 81' lang='lat' dir='ltr'>p.</span> <span class='ocrx_word' id='word_1_41' title='bbox 1275 423 1344 458; x_wconf 72' lang='grc'>480</span> <span class='ocrx_word' id='word_1_42' title='bbox 1371 433 1431 469; x_wconf 79' lang='lat' dir='ltr'>sq.</span> <span class='ocrx_word' id='word_1_43' title='bbox 1458 421 1720 459; x_wconf 75' lang='lat' dir='ltr'>CONINGTON</span> <span class='ocrx_word' id='word_1_44' title='bbox 1744 422 1797 458; x_wconf 89' lang='lat' dir='ltr'>ad</span> <span class='ocrx_word' id='word_1_45' title='bbox 1815 422 1948 469; x_wconf 53' lang='lat' dir='ltr'>Uerg.</span> 
     </span>
     <span class='ocr_line' id='line_1_6' title="bbox 249 493 1564 550; baseline -0.004 -16"><span class='ocrx_word' id='word_1_46' title='bbox 249 499 352 535; x_wconf 73' lang='lat' dir='ltr'>Aen.</span> <span class='ocrx_word' id='word_1_47' title='bbox 395 497 475 534; x_wconf 91' lang='lat' dir='ltr'>XII</span> <span class='ocrx_word' id='word_1_48' title='bbox 511 498 566 538; x_wconf 76' lang='grc'>78,</span> <span class='ocrx_word' id='word_1_49' title='bbox 603 495 1183 550; x_wconf 65' lang='lat' dir='ltr'>Coxlx&lt;;roN-NETTLEsflip</span> <span class='ocrx_word' id='word_1_50' title='bbox 1221 494 1272 530; x_wconf 82' lang='lat' dir='ltr'>ad</span> <span class='ocrx_word' id='word_1_51' title='bbox 1310 493 1443 529; x_wconf 84' lang='lat' dir='ltr'>Persii</span> <span class='ocrx_word' id='word_1_52' title='bbox 1481 493 1496 529; x_wconf 94' lang='lat' dir='ltr'>I</span> <span class='ocrx_word' id='word_1_53' title='bbox 1531 494 1564 529; x_wconf 79' lang='lat'>5.</span> 
     </span>
    </p>
   </div>
   <div class='ocr_carea' id='block_1_3' title="bbox 248 635 1962 2889">
    <p class='ocr_par' dir='ltr' id='par_1_3' title="bbox 248 635 1962 2889">
     <span class='ocr_line' id='line_1_7' title="bbox 248 635 1949 687; baseline -0.004 -10"><span class='ocrx_word' id='word_1_54' title='bbox 248 644 377 687; x_wconf 85' lang='lat' dir='ltr'>quam</span> <span class='ocrx_word' id='word_1_55' title='bbox 425 639 539 686; x_wconf 85' lang='lat' dir='ltr'>quod</span> <span class='ocrx_word' id='word_1_56' title='bbox 587 639 798 685; x_wconf 83' lang='lat' dir='ltr'>petierant</span> <span class='ocrx_word' id='word_1_57' title='bbox 846 637 1098 682; x_wconf 63' lang='lat' dir='ltr'>confingere</span> <span class='ocrx_word' id='word_1_58' title='bbox 1146 636 1392 672; x_wconf 78' lang='lat' dir='ltr'>valuissent.</span> <span class='ocrx_word' id='word_1_59' title='bbox 1413 652 1456 664; x_wconf 68' lang='grc' dir='ltr'>Ξ</span> <span class='ocrx_word' id='word_1_60' title='bbox 1479 665 1484 671; x_wconf 97' lang='grc'><em>.</em></span> <span class='ocrx_word' id='word_1_61' title='bbox 1507 665 1512 671; x_wconf 93' lang='grc'>.</span> <span class='ocrx_word' id='word_1_62' title='bbox 1534 635 1651 682; x_wconf 89' lang='lat' dir='ltr'>prius</span> <span class='ocrx_word' id='word_1_63' title='bbox 1701 646 1829 682; x_wconf 89' lang='lat' dir='ltr'>quam</span> <span class='ocrx_word' id='word_1_64' title='bbox 1851 664 1857 671; x_wconf 90' lang='lat'>.</span> <span class='ocrx_word' id='word_1_65' title='bbox 1879 665 1885 671; x_wconf 93' lang='lat'>.</span> <span class='ocrx_word' id='word_1_66' title='bbox 1906 656 1949 660; x_wconf 87' lang='lat'>-—</span> 
     </span>
     <span class='ocr_line' id='line_1_8' title="bbox 250 705 1951 755; baseline -0.004 -8"><span class='ocrx_word' id='word_1_67' title='bbox 250 711 458 747; x_wconf 73' lang='lat' dir='ltr'>Iordanes</span> <span class='ocrx_word' id='word_1_68' title='bbox 505 710 560 745; x_wconf 79' lang='lat'>71.</span> <span class='ocrx_word' id='word_1_69' title='bbox 604 711 626 741; x_wconf 64' lang='lat' dir='ltr'>(J</span> <span class='ocrx_word' id='word_1_70' title='bbox 672 709 837 755; x_wconf 72' lang='lat' dir='ltr'>eligens</span> <span class='ocrx_word' id='word_1_71' title='bbox 873 718 971 744; x_wconf 91' lang='lat' dir='ltr'>eum</span> <span class='ocrx_word' id='word_1_72' title='bbox 1006 707 1182 743; x_wconf 67' lang='lat' dir='ltr'>vincere</span> <span class='ocrx_word' id='word_1_73' title='bbox 1212 717 1342 752; x_wconf 77' lang='lat' dir='ltr'>quam</span> <span class='ocrx_word' id='word_1_74' title='bbox 1378 707 1574 743; x_wconf 90' lang='lat' dir='ltr'>locorum</span> <span class='ocrx_word' id='word_1_75' title='bbox 1609 705 1819 742; x_wconf 82' lang='lat' dir='ltr'>beneficio</span> <span class='ocrx_word' id='word_1_76' title='bbox 1855 706 1951 742; x_wconf 88' lang='lat' dir='ltr'>sub—</span> 
     </span>
     <span class='ocr_line' id='line_1_9' title="bbox 250 776 1952 825; baseline -0.004 -7"><span class='ocrx_word' id='word_1_77' title='bbox 250 791 448 822; x_wconf 70' lang='lat' dir='ltr'>movere;</span> <span class='ocrx_word' id='word_1_78' title='bbox 482 781 553 817; x_wconf 83' lang='lat' dir='ltr'>ubi</span> <span class='ocrx_word' id='word_1_79' title='bbox 593 791 722 825; x_wconf 72' lang='lat' dir='ltr'>qnam</span> <span class='ocrx_word' id='word_1_80' title='bbox 754 796 796 809; x_wconf 65' lang='lat' dir='ltr'><strong><em>z</em></strong></span> <span class='ocrx_word' id='word_1_81' title='bbox 832 779 973 825; x_wconf 89' lang='lat' dir='ltr'>potius</span> <span class='ocrx_word' id='word_1_82' title='bbox 1019 788 1166 824; x_wconf 74' lang='lat' dir='ltr'>quam:</span> <span class='ocrx_word' id='word_1_83' title='bbox 1204 778 1304 814; x_wconf 90' lang='lat' dir='ltr'>item</span> <span class='ocrx_word' id='word_1_84' title='bbox 1340 778 1570 814; x_wconf 73' lang='lat' dir='ltr'>Salvianus</span> <span class='ocrx_word' id='word_1_85' title='bbox 1607 776 1655 813; x_wconf 86' lang='lat' dir='ltr'>G.</span> <span class='ocrx_word' id='word_1_86' title='bbox 1691 776 1742 813; x_wconf 91' lang='lat' dir='ltr'>D.</span> <span class='ocrx_word' id='word_1_87' title='bbox 1778 776 1816 812; x_wconf 70' lang='lat' dir='ltr'>V</span> <span class='ocrx_word' id='word_1_88' title='bbox 1853 779 1872 821; x_wconf 56' lang='grc' dir='ltr'>ξ</span> <span class='ocrx_word' id='word_1_89' title='bbox 1905 777 1952 813; x_wconf 81' lang='grc'>49</span> 
     </span>
     <span class='ocr_line' id='line_1_10' title="bbox 250 848 1953 900; baseline -0.003 -11"><span class='ocrx_word' id='word_1_90' title='bbox 250 865 286 900; x_wconf 89' lang='lat' dir='ltr'>p.</span> <span class='ocrx_word' id='word_1_91' title='bbox 334 854 390 889; x_wconf 66' lang='lat'>64.</span> <span class='ocrx_word' id='word_1_92' title='bbox 429 853 472 888; x_wconf 83' lang='lat'>16</span> <span class='ocrx_word' id='word_1_93' title='bbox 507 852 612 888; x_wconf 84' lang='lat' dir='ltr'>deus</span> <span class='ocrx_word' id='word_1_94' title='bbox 650 861 891 897; x_wconf 73' lang='lat' dir='ltr'>agnoscere</span> <span class='ocrx_word' id='word_1_95' title='bbox 927 860 1006 886; x_wconf 89' lang='lat' dir='ltr'>nos</span> <span class='ocrx_word' id='word_1_96' title='bbox 1041 855 1189 885; x_wconf 88' lang='lat' dir='ltr'>nostra</span> <span class='ocrx_word' id='word_1_97' title='bbox 1223 855 1402 895; x_wconf 82' lang='lat' dir='ltr'>peccata</span> <span class='ocrx_word' id='word_1_98' title='bbox 1438 850 1528 885; x_wconf 77' lang='lat' dir='ltr'>vult</span> <span class='ocrx_word' id='word_1_99' title='bbox 1563 859 1693 893; x_wconf 77' lang='lat' dir='ltr'>qnam</span> <span class='ocrx_word' id='word_1_100' title='bbox 1728 848 1953 885; x_wconf 85' lang='lat' dir='ltr'>sustinere.</span> 
     </span>
     <span class='ocr_line' id='line_1_11' title="bbox 369 918 1952 972; baseline -0.003 -13"><span class='ocrx_word' id='word_1_101' title='bbox 369 920 529 972; x_wconf 66' lang='lat' dir='ltr'>quasi</span> <span class='ocrx_word' id='word_1_102' title='bbox 557 939 599 951; x_wconf 70' lang='lat' dir='ltr'><em>z</em></span> <span class='ocrx_word' id='word_1_103' title='bbox 634 925 808 970; x_wconf 80' lang='lat' dir='ltr'>utpote,</span> <span class='ocrx_word' id='word_1_104' title='bbox 845 918 1028 969; x_wconf 78' lang='lat' dir='ltr'>quippe.</span> <span class='ocrx_word' id='word_1_105' title='bbox 1067 931 1090 956; x_wconf 89' lang='lat' dir='ltr'>a</span> <span class='ocrx_word' id='word_1_106' title='bbox 1129 920 1170 955; x_wconf 91' lang='grc'>14</span> <span class='ocrx_word' id='word_1_107' title='bbox 1202 919 1355 966; x_wconf 57' lang='lat' dir='ltr'>Vulpis</span> <span class='ocrx_word' id='word_1_108' title='bbox 1390 919 1574 966; x_wconf 86' lang='lat' dir='ltr'>aquilam</span> <span class='ocrx_word' id='word_1_109' title='bbox 1606 919 1791 965; x_wconf 82' lang='lat' dir='ltr'>rogabat</span> <span class='ocrx_word' id='word_1_110' title='bbox 1816 925 1861 955; x_wconf 92' lang='lat' dir='ltr'>ut</span> <span class='ocrx_word' id='word_1_111' title='bbox 1887 929 1952 955; x_wconf 89' lang='lat' dir='ltr'>ca-</span> 
     </span>
     <span class='ocr_line' id='line_1_12' title="bbox 250 989 1956 1038; baseline -0.002 -7"><span class='ocrx_word' id='word_1_112' title='bbox 250 996 362 1031; x_wconf 87' lang='lat' dir='ltr'>tulos</span> <span class='ocrx_word' id='word_1_113' title='bbox 405 1004 506 1030; x_wconf 82' lang='lat' dir='ltr'>suos</span> <span class='ocrx_word' id='word_1_114' title='bbox 554 993 631 1029; x_wconf 84' lang='lat' dir='ltr'>sibi</span> <span class='ocrx_word' id='word_1_115' title='bbox 680 992 891 1028; x_wconf 87' lang='lat' dir='ltr'>redderet.</span> <span class='ocrx_word' id='word_1_116' title='bbox 941 991 1083 1038; x_wconf 87' lang='lat' dir='ltr'>aquila</span> <span class='ocrx_word' id='word_1_117' title='bbox 1134 998 1415 1027; x_wconf 85' lang='lat' dir='ltr'>contemnens</span> <span class='ocrx_word' id='word_1_118' title='bbox 1452 991 1654 1037; x_wconf 73' lang='lat' dir='ltr'>‹vulpem›</span> <span class='ocrx_word' id='word_1_119' title='bbox 1685 989 1810 1035; x_wconf 74' lang='lat' dir='ltr'>quasi</span> <span class='ocrx_word' id='word_1_120' title='bbox 1841 996 1956 1027; x_wconf 83' lang='lat' dir='ltr'>esset</span> 
     </span>
     <span class='ocr_line' id='line_1_13' title="bbox 250 1060 1952 1111; baseline -0.003 -9"><span class='ocrx_word' id='word_1_121' title='bbox 250 1065 427 1102; x_wconf 88' lang='lat' dir='ltr'>inferior</span> <span class='ocrx_word' id='word_1_122' title='bbox 446 1082 489 1094; x_wconf 57' lang='grc' dir='ltr'>ἶ</span> <span class='ocrx_word' id='word_1_123' title='bbox 511 1095 516 1100; x_wconf 96' lang='grc'><em>.</em></span> <span class='ocrx_word' id='word_1_124' title='bbox 538 1094 543 1099; x_wconf 93' lang='grc'><strong>.</strong></span> <span class='ocrx_word' id='word_1_125' title='bbox 565 1064 721 1111; x_wconf 85' lang='lat' dir='ltr'>quippe</span> <span class='ocrx_word' id='word_1_126' title='bbox 748 1064 926 1109; x_wconf 58' lang='lat' dir='ltr'>tvques»</span> <span class='ocrx_word' id='word_1_127' title='bbox 948 1069 1040 1098; x_wconf 89' lang='lat' dir='ltr'>erat</span> <span class='ocrx_word' id='word_1_128' title='bbox 1057 1062 1247 1107; x_wconf 84' lang='lat' dir='ltr'>inferior,</span> <span class='ocrx_word' id='word_1_129' title='bbox 1267 1072 1305 1097; x_wconf 86' lang='lat' dir='ltr'><strong>w</strong></span> <span class='ocrx_word' id='word_1_130' title='bbox 1338 1061 1394 1098; x_wconf 93' lang='lat' dir='ltr'>III</span> <span class='ocrx_word' id='word_1_131' title='bbox 1424 1061 1457 1097; x_wconf 75' lang='lat'>2.</span> <span class='ocrx_word' id='word_1_132' title='bbox 1478 1061 1519 1097; x_wconf 79' lang='lat'>12</span> <span class='ocrx_word' id='word_1_133' title='bbox 1540 1063 1592 1108; x_wconf 82' lang='lat' dir='ltr'>(p.</span> <span class='ocrx_word' id='word_1_134' title='bbox 1619 1061 1678 1097; x_wconf 62' lang='lat'>501</span> <span class='ocrx_word' id='word_1_135' title='bbox 1704 1060 1952 1106; x_wconf 76' lang='lat' dir='ltr'>quasz&#39;frau-</span> 
     </span>
     <span class='ocr_line' id='line_1_14' title="bbox 253 1131 1955 1173; baseline -0.004 0"><span class='ocrx_word' id='word_1_136' title='bbox 253 1137 351 1173; x_wconf 89' lang='lat' dir='ltr'>dem</span> <span class='ocrx_word' id='word_1_137' title='bbox 393 1136 656 1172; x_wconf 87' lang='lat' dir='ltr'>desimulans</span> <span class='ocrx_word' id='word_1_138' title='bbox 690 1151 731 1163; x_wconf 89' lang='lat'>-—-</span> <span class='ocrx_word' id='word_1_139' title='bbox 765 1132 928 1170; x_wconf 70' lang='lat' dir='ltr'>scilicet</span> <span class='ocrx_word' id='word_1_140' title='bbox 969 1133 1165 1169; x_wconf 78' lang='lat' dir='ltr'>fraudem</span> <span class='ocrx_word' id='word_1_141' title='bbox 1208 1133 1496 1169; x_wconf 87' lang='lat' dir='ltr'>dissimulans.</span> <span class='ocrx_word' id='word_1_142' title='bbox 1538 1153 1580 1156; x_wconf 97' lang='lat'><strong>—</strong></span> <span class='ocrx_word' id='word_1_143' title='bbox 1627 1131 1735 1168; x_wconf 65' lang='lat' dir='ltr'>vict.</span> <span class='ocrx_word' id='word_1_144' title='bbox 1780 1131 1859 1168; x_wconf 70' lang='lat' dir='ltr'>Vit.</span> <span class='ocrx_word' id='word_1_145' title='bbox 1896 1131 1955 1168; x_wconf 92' lang='lat' dir='ltr'>III</span> 
     </span>
     <span class='ocr_line' id='line_1_15' title="bbox 253 1203 1955 1250; baseline -0.004 -6"><span class='ocrx_word' id='word_1_146' title='bbox 253 1208 298 1244; x_wconf 82' lang='grc'>40</span> <span class='ocrx_word' id='word_1_147' title='bbox 347 1208 448 1244; x_wconf 87' lang='lat' dir='ltr'>dum</span> <span class='ocrx_word' id='word_1_148' title='bbox 497 1217 594 1242; x_wconf 87' lang='lat' dir='ltr'>cum</span> <span class='ocrx_word' id='word_1_149' title='bbox 639 1206 710 1246; x_wconf 75' lang='lat' dir='ltr'>eis,</span> <span class='ocrx_word' id='word_1_150' title='bbox 758 1204 884 1250; x_wconf 74' lang='lat' dir='ltr'>qnasi</span> <span class='ocrx_word' id='word_1_151' title='bbox 929 1215 1027 1240; x_wconf 91' lang='lat' dir='ltr'>cum</span> <span class='ocrx_word' id='word_1_152' title='bbox 1057 1204 1131 1240; x_wconf 85' lang='lat' dir='ltr'>tali</span> <span class='ocrx_word' id='word_1_153' title='bbox 1169 1210 1319 1244; x_wconf 71' lang='lat' dir='ltr'>aetate.</span> <span class='ocrx_word' id='word_1_154' title='bbox 1356 1214 1441 1239; x_wconf 91' lang='lat' dir='ltr'>non</span> <span class='ocrx_word' id='word_1_155' title='bbox 1478 1203 1698 1239; x_wconf 87' lang='lat' dir='ltr'>blanditiis</span> <span class='ocrx_word' id='word_1_156' title='bbox 1734 1209 1955 1249; x_wconf 75' lang='lat' dir='ltr'>ageretur:</span> 
     </span>
     <span class='ocr_line' id='line_1_16' title="bbox 255 1273 1956 1324; baseline -0.003 -9"><span class='ocrx_word' id='word_1_157' title='bbox 255 1279 359 1315; x_wconf 88' lang='lat' dir='ltr'>Hist.</span> <span class='ocrx_word' id='word_1_158' title='bbox 407 1277 627 1324; x_wconf 70' lang='lat' dir='ltr'>Apollonii</span> <span class='ocrx_word' id='word_1_159' title='bbox 675 1275 835 1312; x_wconf 85' lang='lat' dir='ltr'>XXXII</span> <span class='ocrx_word' id='word_1_160' title='bbox 884 1286 922 1322; x_wconf 87' lang='lat' dir='ltr'>p.</span> <span class='ocrx_word' id='word_1_161' title='bbox 970 1276 1026 1311; x_wconf 68' lang='grc'>64.</span> <span class='ocrx_word' id='word_1_162' title='bbox 1073 1276 1114 1310; x_wconf 87' lang='lat'>16</span> <span class='ocrx_word' id='word_1_163' title='bbox 1148 1274 1184 1310; x_wconf 83' lang='lat' dir='ltr'><strong>R</strong></span> <span class='ocrx_word' id='word_1_164' title='bbox 1221 1275 1383 1310; x_wconf 86' lang='lat' dir='ltr'>malum</span> <span class='ocrx_word' id='word_1_165' title='bbox 1420 1284 1497 1320; x_wconf 87' lang='lat' dir='ltr'>pro</span> <span class='ocrx_word' id='word_1_166' title='bbox 1534 1274 1660 1315; x_wconf 74' lang='lat' dir='ltr'>bono,</span> <span class='ocrx_word' id='word_1_167' title='bbox 1693 1273 1819 1318; x_wconf 76' lang='lat' dir='ltr'>quasi</span> <span class='ocrx_word' id='word_1_168' title='bbox 1849 1273 1956 1320; x_wconf 78' lang='lat' dir='ltr'>pius,</span> 
     </span>
     <span class='ocr_line' id='line_1_17' title="bbox 254 1343 1956 1395; baseline -0.002 -10"><span class='ocrx_word' id='word_1_169' title='bbox 254 1360 339 1395; x_wconf 88' lang='lat' dir='ltr'>non</span> <span class='ocrx_word' id='word_1_170' title='bbox 387 1348 662 1394; x_wconf 74' lang='lat' dir='ltr'>excogitavit:</span> <span class='ocrx_word' id='word_1_171' title='bbox 713 1347 919 1383; x_wconf 86' lang='lat' dir='ltr'>Iordanes</span> <span class='ocrx_word' id='word_1_172' title='bbox 958 1345 1035 1382; x_wconf 76' lang='grc'><strong>124.</strong></span> <span class='ocrx_word' id='word_1_173' title='bbox 1071 1347 1093 1381; x_wconf 93' lang='grc'>4</span> <span class='ocrx_word' id='word_1_174' title='bbox 1127 1346 1169 1381; x_wconf 86' lang='lat' dir='ltr'>id</span> <span class='ocrx_word' id='word_1_175' title='bbox 1206 1345 1388 1382; x_wconf 78' lang='lat' dir='ltr'>accessit</span> <span class='ocrx_word' id='word_1_176' title='bbox 1425 1344 1621 1381; x_wconf 87' lang='lat' dir='ltr'>mirabile</span> <span class='ocrx_word' id='word_1_177' title='bbox 1655 1350 1701 1380; x_wconf 90' lang='lat' dir='ltr'>ut</span> <span class='ocrx_word' id='word_1_178' title='bbox 1734 1343 1956 1381; x_wconf 81' lang='lat' dir='ltr'>Marciano</span> 
     </span>
     <span class='ocr_line' id='line_1_18' title="bbox 257 1415 1955 1457; baseline -0.004 0"><span class='ocrx_word' id='word_1_179' title='bbox 257 1450 290 1457; x_wconf 95' lang='lat'>..</span> <span class='ocrx_word' id='word_1_180' title='bbox 313 1450 318 1455; x_wconf 96' lang='lat'>.</span> <span class='ocrx_word' id='word_1_181' title='bbox 339 1420 380 1456; x_wconf 89' lang='lat' dir='ltr'>in</span> <span class='ocrx_word' id='word_1_182' title='bbox 428 1419 591 1456; x_wconf 89' lang='lat' dir='ltr'>somnis</span> <span class='ocrx_word' id='word_1_183' title='bbox 633 1418 834 1454; x_wconf 77' lang='lat' dir='ltr'>divinitas</span> <span class='ocrx_word' id='word_1_184' title='bbox 871 1417 1082 1454; x_wconf 75' lang='lat' dir='ltr'>adsistens</span> <span class='ocrx_word' id='word_1_185' title='bbox 1117 1427 1266 1453; x_wconf 88' lang='lat' dir='ltr'>arcum</span> <span class='ocrx_word' id='word_1_186' title='bbox 1302 1417 1490 1452; x_wconf 75' lang='lat' dir='ltr'>Attilae.</span> <span class='ocrx_word' id='word_1_187' title='bbox 1512 1446 1517 1452; x_wconf 96' lang='lat'>.</span> <span class='ocrx_word' id='word_1_188' title='bbox 1539 1416 1722 1452; x_wconf 85' lang='lat' dir='ltr'>fractum</span> <span class='ocrx_word' id='word_1_189' title='bbox 1762 1415 1955 1452; x_wconf 90' lang='lat' dir='ltr'>ostende-</span> 
     </span>
     <span class='ocr_line' id='line_1_19' title="bbox 255 1487 1958 1536; baseline -0.003 -9"><span class='ocrx_word' id='word_1_190' title='bbox 255 1499 331 1534; x_wconf 74' lang='lat' dir='ltr'>ret,</span> <span class='ocrx_word' id='word_1_191' title='bbox 377 1490 503 1536; x_wconf 79' lang='lat' dir='ltr'>qnasi</span> <span class='ocrx_word' id='word_1_192' title='bbox 547 1489 661 1536; x_wconf 84' lang='lat' dir='ltr'>quod</span> <span class='ocrx_word' id='word_1_193' title='bbox 709 1499 816 1535; x_wconf 76' lang='lat' dir='ltr'>gens</span> <span class='ocrx_word' id='word_1_194' title='bbox 863 1489 955 1535; x_wconf 87' lang='lat' dir='ltr'>ipsa</span> <span class='ocrx_word' id='word_1_195' title='bbox 991 1499 1041 1525; x_wconf 92' lang='lat' dir='ltr'>eo</span> <span class='ocrx_word' id='word_1_196' title='bbox 1073 1489 1157 1524; x_wconf 92' lang='lat' dir='ltr'>telo</span> <span class='ocrx_word' id='word_1_197' title='bbox 1194 1489 1375 1524; x_wconf 88' lang='lat' dir='ltr'>multum</span> <span class='ocrx_word' id='word_1_198' title='bbox 1411 1487 1958 1534; x_wconf 72' lang='lat' dir='ltr'>praesumatz..quippe</span> 
     </span>
     <span class='ocr_line' id='line_1_20' title="bbox 257 1558 1957 1609; baseline -0.003 -11"><span class='ocrx_word' id='word_1_199' title='bbox 257 1573 340 1609; x_wconf 90' lang='lat' dir='ltr'>quo</span> <span class='ocrx_word' id='word_1_200' title='bbox 376 1562 459 1598; x_wconf 84' lang='lat' dir='ltr'>telo</span> <span class='ocrx_word' id='word_1_201' title='bbox 496 1572 546 1597; x_wconf 85' lang='lat' dir='ltr'>ea</span> <span class='ocrx_word' id='word_1_202' title='bbox 581 1571 689 1607; x_wconf 80' lang='lat' dir='ltr'>gens</span> <span class='ocrx_word' id='word_1_203' title='bbox 721 1566 884 1607; x_wconf 76' lang='lat' dir='ltr'>pugnet</span> <span class='ocrx_word' id='word_1_204' title='bbox 920 1559 1137 1603; x_wconf 76' lang='lat' dir='ltr'>audacter,</span> <span class='ocrx_word' id='word_1_205' title='bbox 1176 1559 1252 1595; x_wconf 91' lang='grc'>138</span> <span class='ocrx_word' id='word_1_206' title='bbox 1287 1558 1334 1594; x_wconf 72' lang='lat'>25</span> <span class='ocrx_word' id='word_1_207' title='bbox 1367 1569 1446 1594; x_wconf 92' lang='lat' dir='ltr'>nec</span> <span class='ocrx_word' id='word_1_208' title='bbox 1474 1569 1542 1594; x_wconf 90' lang='lat' dir='ltr'>me</span> <span class='ocrx_word' id='word_1_209' title='bbox 1571 1558 1665 1605; x_wconf 86' lang='lat' dir='ltr'>quis</span> <span class='ocrx_word' id='word_1_210' title='bbox 1692 1558 1734 1594; x_wconf 91' lang='lat' dir='ltr'>in</span> <span class='ocrx_word' id='word_1_211' title='bbox 1761 1558 1957 1594; x_wconf 77' lang='lat' dir='ltr'>favorem</span> 
     </span>
     <span class='ocr_line' id='line_1_21' title="bbox 257 1628 1959 1680; baseline -0.004 -10"><span class='ocrx_word' id='word_1_212' title='bbox 257 1633 396 1680; x_wconf 79' lang='lat' dir='ltr'>gentis</span> <span class='ocrx_word' id='word_1_213' title='bbox 439 1631 699 1679; x_wconf 75' lang='lat' dir='ltr'>praedictae,</span> <span class='ocrx_word' id='word_1_214' title='bbox 735 1631 860 1676; x_wconf 78' lang='lat' dir='ltr'>qnasi</span> <span class='ocrx_word' id='word_1_215' title='bbox 893 1641 943 1667; x_wconf 81' lang='lat' dir='ltr'>ex</span> <span class='ocrx_word' id='word_1_216' title='bbox 978 1631 1072 1677; x_wconf 87' lang='lat' dir='ltr'>ipsa</span> <span class='ocrx_word' id='word_1_217' title='bbox 1102 1630 1289 1666; x_wconf 73' lang='lat' dir='ltr'>trahenti</span> <span class='ocrx_word' id='word_1_218' title='bbox 1316 1630 1542 1675; x_wconf 79' lang='lat' dir='ltr'>originem,</span> <span class='ocrx_word' id='word_1_219' title='bbox 1571 1629 1714 1675; x_wconf 88' lang='lat' dir='ltr'>aliqua</span> <span class='ocrx_word' id='word_1_220' title='bbox 1742 1628 1959 1665; x_wconf 77' lang='lat' dir='ltr'>addidisse</span> 
     </span>
     <span class='ocr_line' id='line_1_22' title="bbox 259 1689 1961 1749; baseline -0.004 -9"><span class='ocrx_word' id='word_1_221' title='bbox 259 1704 494 1740; x_wconf 64' lang='lat' dir='ltr'>credatz.</span> <span class='ocrx_word' id='word_1_222' title='bbox 519 1734 524 1738; x_wconf 94' lang='lat'>.</span> <span class='ocrx_word' id='word_1_223' title='bbox 547 1708 692 1749; x_wconf 90' lang='lat' dir='ltr'>utpote</span> <span class='ocrx_word' id='word_1_224' title='bbox 741 1713 791 1738; x_wconf 81' lang='lat' dir='ltr'>ex</span> <span class='ocrx_word' id='word_1_225' title='bbox 838 1713 889 1738; x_wconf 86' lang='lat' dir='ltr'>ea</span> <span class='ocrx_word' id='word_1_226' title='bbox 924 1702 1165 1738; x_wconf 73' lang='lat' dir='ltr'><strong>trahentem</strong></span> <span class='ocrx_word' id='word_1_227' title='bbox 1203 1701 1444 1748; x_wconf 82' lang='lat' dir='ltr'>originem.</span> <span class='ocrx_word' id='word_1_228' title='bbox 1466 1710 1484 1741; x_wconf 85' lang='lat'>.;</span> <span class='ocrx_word' id='word_1_229' title='bbox 1521 1699 1653 1746; x_wconf 82' lang='lat' dir='ltr'>Greg.</span> <span class='ocrx_word' id='word_1_230' title='bbox 1688 1689 1788 1736; x_wconf 81' lang='lat' dir='ltr'>Tur.</span> <span class='ocrx_word' id='word_1_231' title='bbox 1822 1699 1902 1736; x_wconf 79' lang='lat'>362.</span> <span class='ocrx_word' id='word_1_232' title='bbox 1937 1699 1961 1734; x_wconf 81' lang='lat'>7</span> 
     </span>
     <span class='ocr_line' id='line_1_23' title="bbox 258 1770 1960 1821; baseline -0.003 -10"><span class='ocrx_word' id='word_1_233' title='bbox 258 1774 480 1821; x_wconf 73' lang='lat' dir='ltr'>respondit</span> <span class='ocrx_word' id='word_1_234' title='bbox 520 1773 647 1819; x_wconf 75' lang='lat' dir='ltr'>qnasi</span> <span class='ocrx_word' id='word_1_235' title='bbox 678 1773 890 1820; x_wconf 85' lang='lat' dir='ltr'>superbus</span> <span class='ocrx_word' id='word_1_236' title='bbox 911 1790 953 1802; x_wconf 67' lang='lat'>2-</span> <span class='ocrx_word' id='word_1_237' title='bbox 975 1803 980 1809; x_wconf 95' lang='lat'>.</span> <span class='ocrx_word' id='word_1_238' title='bbox 1003 1803 1009 1810; x_wconf 92' lang='lat'>.</span> <span class='ocrx_word' id='word_1_239' title='bbox 1029 1779 1074 1808; x_wconf 91' lang='lat' dir='ltr'>ut</span> <span class='ocrx_word' id='word_1_240' title='bbox 1109 1778 1201 1808; x_wconf 90' lang='lat' dir='ltr'>erat</span> <span class='ocrx_word' id='word_1_241' title='bbox 1235 1772 1460 1819; x_wconf 72' lang='lat' dir='ltr'>superbus,</span> <span class='ocrx_word' id='word_1_242' title='bbox 1497 1782 1581 1818; x_wconf 87' lang='lat' dir='ltr'>qua</span> <span class='ocrx_word' id='word_1_243' title='bbox 1617 1777 1709 1806; x_wconf 83' lang='lat' dir='ltr'>erat</span> <span class='ocrx_word' id='word_1_244' title='bbox 1743 1770 1960 1817; x_wconf 80' lang='lat' dir='ltr'>superbia.</span> 
     </span>
     <span class='ocr_line' id='line_1_24' title="bbox 377 1839 1957 1894; baseline -0.004 -12"><span class='ocrx_word' id='word_1_245' title='bbox 377 1855 490 1894; x_wconf 75' lang='lat' dir='ltr'>-qtte</span> <span class='ocrx_word' id='word_1_246' title='bbox 536 1842 804 1881; x_wconf 84' lang='lat' dir='ltr'>redundans</span> <span class='ocrx_word' id='word_1_247' title='bbox 851 1841 1026 1892; x_wconf 82' lang='lat' dir='ltr'>protasi</span> <span class='ocrx_word' id='word_1_248' title='bbox 1075 1840 1300 1892; x_wconf 86' lang='lat' dir='ltr'>apodosin</span> <span class='ocrx_word' id='word_1_249' title='bbox 1349 1839 1568 1879; x_wconf 77' lang='lat' dir='ltr'>adnectit.</span> <span class='ocrx_word' id='word_1_250' title='bbox 1638 1853 1661 1877; x_wconf 79' lang='lat' dir='ltr'>a</span> <span class='ocrx_word' id='word_1_251' title='bbox 1708 1842 1740 1877; x_wconf 85' lang='grc'>4.</span> <span class='ocrx_word' id='word_1_252' title='bbox 1779 1841 1802 1877; x_wconf 83' lang='grc'>9</span> <span class='ocrx_word' id='word_1_253' title='bbox 1842 1851 1893 1888; x_wconf 63' lang='lat' dir='ltr'>zp.</span> <span class='ocrx_word' id='word_1_254' title='bbox 1920 1840 1957 1885; x_wconf 78' lang='lat'>2)</span> 
     </span>
     <span class='ocr_line' id='line_1_25' title="bbox 260 1910 1959 1969; baseline -0.003 -11"><span class='ocrx_word' id='word_1_255' title='bbox 260 1933 358 1959; x_wconf 90' lang='lat' dir='ltr'>cum</span> <span class='ocrx_word' id='word_1_256' title='bbox 394 1923 435 1958; x_wconf 93' lang='lat' dir='ltr'>in</span> <span class='ocrx_word' id='word_1_257' title='bbox 473 1919 510 1957; x_wconf 87' lang='grc' dir='ltr'><strong>Φ</strong></span> <span class='ocrx_word' id='word_1_258' title='bbox 551 1922 683 1958; x_wconf 85' lang='lat' dir='ltr'>fuisse</span> <span class='ocrx_word' id='word_1_259' title='bbox 718 1921 915 1957; x_wconf 73' lang='lat' dir='ltr'>videatur</span> <span class='ocrx_word' id='word_1_260' title='bbox 949 1920 1232 1965; x_wconf 72' lang='lat' dir='ltr'>comitemque,</span> <span class='ocrx_word' id='word_1_261' title='bbox 1267 1922 1389 1966; x_wconf 76' lang='lat' dir='ltr'>rapto</span> <span class='ocrx_word' id='word_1_262' title='bbox 1425 1929 1557 1961; x_wconf 70' lang='lat' dir='ltr'>mure,</span> <span class='ocrx_word' id='word_1_263' title='bbox 1594 1928 1750 1954; x_wconf 73' lang='lat' dir='ltr'>ranam</span> <span class='ocrx_word' id='word_1_264' title='bbox 1784 1910 1959 1969; x_wconf 72' lang='lat' dir='ltr'>(ipsam)</span> 
     </span>
     <span class='ocr_line' id='line_1_26' title="bbox 259 1989 1959 2040; baseline -0.003 -11"><span class='ocrx_word' id='word_1_265' title='bbox 259 1993 442 2035; x_wconf 72' lang='lat' dir='ltr'>abstulit,</span> <span class='ocrx_word' id='word_1_266' title='bbox 489 2005 519 2040; x_wconf 51' lang='lat' dir='ltr'>q*</span> <span class='ocrx_word' id='word_1_267' title='bbox 568 1993 803 2029; x_wconf 77' lang='lat' dir='ltr'>verborum</span> <span class='ocrx_word' id='word_1_268' title='bbox 850 2002 960 2028; x_wconf 82' lang='lat' dir='ltr'>nexu</span> <span class='ocrx_word' id='word_1_269' title='bbox 1008 1992 1147 2027; x_wconf 78' lang='lat' dir='ltr'>soluto</span> <span class='ocrx_word' id='word_1_270' title='bbox 1196 1998 1235 2027; x_wconf 91' lang='lat' dir='ltr'>et</span> <span class='ocrx_word' id='word_1_271' title='bbox 1277 1990 1448 2026; x_wconf 80' lang='lat' dir='ltr'>turbato</span> <span class='ocrx_word' id='word_1_272' title='bbox 1485 1989 1636 2026; x_wconf 82' lang='lat' dir='ltr'>ordine</span> <span class='ocrx_word' id='word_1_273' title='bbox 1671 1989 1732 2025; x_wconf 89' lang='lat' dir='ltr'>sic</span> <span class='ocrx_word' id='word_1_274' title='bbox 1767 1989 1959 2036; x_wconf 77' lang='lat' dir='ltr'>scripsit:</span> 
     </span>
     <span class='ocr_line' id='line_1_27' title="bbox 258 2060 1959 2110; baseline -0.002 -10"><span class='ocrx_word' id='word_1_275' title='bbox 258 2075 380 2100; x_wconf 71' lang='lat' dir='ltr'>mm&#39;e</span> <span class='ocrx_word' id='word_1_276' title='bbox 413 2067 534 2110; x_wconf 74' lang='lat' dir='ltr'>rapto</span> <span class='ocrx_word' id='word_1_277' title='bbox 570 2063 842 2108; x_wconf 76' lang='lat' dir='ltr'>cmm&#39;temqne</span> <span class='ocrx_word' id='word_1_278' title='bbox 875 2073 1031 2098; x_wconf 73' lang='lat' dir='ltr'>mnam</span> <span class='ocrx_word' id='word_1_279' title='bbox 1059 2061 1241 2098; x_wconf 77' lang='lat' dir='ltr'>abstulit.</span> <span class='ocrx_word' id='word_1_280' title='bbox 1271 2072 1353 2108; x_wconf 84' lang='lat' dir='ltr'>qua</span> <span class='ocrx_word' id='word_1_281' title='bbox 1381 2072 1427 2097; x_wconf 90' lang='lat' dir='ltr'>re</span> <span class='ocrx_word' id='word_1_282' title='bbox 1455 2067 1498 2097; x_wconf 90' lang='lat' dir='ltr'>ut</span> <span class='ocrx_word' id='word_1_283' title='bbox 1527 2071 1549 2096; x_wconf 93' lang='lat' dir='ltr'>a</span> <span class='ocrx_word' id='word_1_284' title='bbox 1577 2060 1774 2096; x_wconf 87' lang='lat' dir='ltr'>Phaedro</span> <span class='ocrx_word' id='word_1_285' title='bbox 1803 2060 1959 2096; x_wconf 86' lang='lat' dir='ltr'>disces-</span> 
     </span>
     <span class='ocr_line' id='line_1_28' title="bbox 259 2129 1961 2177; baseline -0.003 -6"><span class='ocrx_word' id='word_1_286' title='bbox 259 2136 322 2177; x_wconf 67' lang='lat' dir='ltr'>sit,</span> <span class='ocrx_word' id='word_1_287' title='bbox 366 2136 423 2172; x_wconf 90' lang='lat' dir='ltr'>ita</span> <span class='ocrx_word' id='word_1_288' title='bbox 472 2145 718 2171; x_wconf 84' lang='lat' dir='ltr'>sermonem</span> <span class='ocrx_word' id='word_1_289' title='bbox 755 2144 859 2169; x_wconf 87' lang='lat' dir='ltr'>suae</span> <span class='ocrx_word' id='word_1_290' title='bbox 895 2135 1022 2169; x_wconf 87' lang='lat' dir='ltr'>aetati</span> <span class='ocrx_word' id='word_1_291' title='bbox 1059 2132 1416 2169; x_wconf 68' lang='lat' dir='ltr'>accommodavit.</span> <span class='ocrx_word' id='word_1_292' title='bbox 1453 2132 1513 2168; x_wconf 58' lang='grc' dir='ltr'>εἰς</span> <span class='ocrx_word' id='word_1_293' title='bbox 1550 2131 1663 2167; x_wconf 91' lang='lat' dir='ltr'>enim</span> <span class='ocrx_word' id='word_1_294' title='bbox 1698 2130 1829 2176; x_wconf 77' lang='lat' dir='ltr'>Greg.</span> <span class='ocrx_word' id='word_1_295' title='bbox 1859 2129 1961 2166; x_wconf 65' lang='lat' dir='ltr'>Tur.</span> 
     </span>
     <span class='ocr_line' id='line_1_29' title="bbox 257 2201 1959 2251; baseline -0.003 -9"><span class='ocrx_word' id='word_1_296' title='bbox 257 2208 337 2243; x_wconf 73' lang='lat'>516.</span> <span class='ocrx_word' id='word_1_297' title='bbox 383 2206 430 2242; x_wconf 81' lang='lat'>‘20</span> <span class='ocrx_word' id='word_1_298' title='bbox 464 2216 565 2242; x_wconf 89' lang='lat' dir='ltr'>nam</span> <span class='ocrx_word' id='word_1_299' title='bbox 599 2205 686 2241; x_wconf 76' lang='lat' dir='ltr'>vidi</span> <span class='ocrx_word' id='word_1_300' title='bbox 723 2215 805 2251; x_wconf 80' lang='lat' dir='ltr'>ego</span> <span class='ocrx_word' id='word_1_301' title='bbox 840 2204 1061 2240; x_wconf 89' lang='lat' dir='ltr'>hominem</span> <span class='ocrx_word' id='word_1_302' title='bbox 1097 2204 1167 2250; x_wconf 88' lang='lat' dir='ltr'>qui</span> <span class='ocrx_word' id='word_1_303' title='bbox 1204 2203 1398 2250; x_wconf 78' lang='lat' dir='ltr'>graviter</span> <span class='ocrx_word' id='word_1_304' title='bbox 1433 2202 1624 2238; x_wconf 88' lang='lat' dir='ltr'>dentium</span> <span class='ocrx_word' id='word_1_305' title='bbox 1661 2202 1811 2238; x_wconf 90' lang='lat' dir='ltr'>dolore</span> <span class='ocrx_word' id='word_1_306' title='bbox 1845 2201 1959 2237; x_wconf 87' lang='lat' dir='ltr'>labo—</span> 
     </span>
     <span class='ocr_line' id='line_1_30' title="bbox 258 2272 1962 2323; baseline -0.003 -10"><span class='ocrx_word' id='word_1_307' title='bbox 258 2288 370 2319; x_wconf 74' lang='lat' dir='ltr'>rans,</span> <span class='ocrx_word' id='word_1_308' title='bbox 419 2282 642 2323; x_wconf 75' lang='lat' dir='ltr'>acceptam</span> <span class='ocrx_word' id='word_1_309' title='bbox 691 2275 742 2311; x_wconf 94' lang='lat' dir='ltr'>de</span> <span class='ocrx_word' id='word_1_310' title='bbox 789 2275 869 2311; x_wconf 89' lang='lat' dir='ltr'>hoc</span> <span class='ocrx_word' id='word_1_311' title='bbox 918 2275 1036 2321; x_wconf 79' lang='lat' dir='ltr'>ligno</span> <span class='ocrx_word' id='word_1_312' title='bbox 1085 2275 1341 2322; x_wconf 84' lang='lat' dir='ltr'>particulam</span> <span class='ocrx_word' id='word_1_313' title='bbox 1389 2284 1413 2309; x_wconf 87' lang='lat' dir='ltr'>a</span> <span class='ocrx_word' id='word_1_314' title='bbox 1453 2273 1692 2318; x_wconf 78' lang='lat' dir='ltr'>sacerdote,</span> <span class='ocrx_word' id='word_1_315' title='bbox 1727 2272 1882 2317; x_wconf 86' lang='lat' dir='ltr'>statim,</span> <span class='ocrx_word' id='word_1_316' title='bbox 1916 2278 1962 2308; x_wconf 91' lang='lat' dir='ltr'>ut</span> 
     </span>
     <span class='ocr_line' id='line_1_31' title="bbox 259 2343 1961 2393; baseline -0.004 -9"><span class='ocrx_word' id='word_1_317' title='bbox 259 2348 429 2385; x_wconf 88' lang='lat' dir='ltr'>dentem</span> <span class='ocrx_word' id='word_1_318' title='bbox 467 2347 615 2393; x_wconf 73' lang='lat' dir='ltr'>attigit,</span> <span class='ocrx_word' id='word_1_319' title='bbox 644 2347 919 2391; x_wconf 78' lang='lat' dir='ltr'>doloremque</span> <span class='ocrx_word' id='word_1_320' title='bbox 945 2351 1150 2392; x_wconf 88' lang='lat' dir='ltr'>protenus</span> <span class='ocrx_word' id='word_1_321' title='bbox 1179 2345 1316 2381; x_wconf 90' lang='lat' dir='ltr'>caruit</span> <span class='ocrx_word' id='word_1_322' title='bbox 1335 2361 1378 2373; x_wconf 52' lang='grc' dir='ltr'>Σ</span> <span class='ocrx_word' id='word_1_323' title='bbox 1399 2373 1404 2380; x_wconf 85' lang='grc'><em>,</em></span> <span class='ocrx_word' id='word_1_324' title='bbox 1427 2374 1432 2380; x_wconf 97' lang='grc'><em>.</em></span> <span class='ocrx_word' id='word_1_325' title='bbox 1455 2351 1497 2380; x_wconf 93' lang='lat' dir='ltr'>ut</span> <span class='ocrx_word' id='word_1_326' title='bbox 1523 2344 1760 2390; x_wconf 68' lang='lat' dir='ltr'>‹particula›</span> <span class='ocrx_word' id='word_1_327' title='bbox 1789 2343 1961 2379; x_wconf 85' lang='lat' dir='ltr'>dentem</span> 
     </span>
     <span class='ocr_line' id='line_1_32' title="bbox 260 2415 1960 2465; baseline -0.004 -10"><span class='ocrx_word' id='word_1_328' title='bbox 260 2419 409 2465; x_wconf 79' lang='lat' dir='ltr'>attigit,</span> <span class='ocrx_word' id='word_1_329' title='bbox 444 2418 586 2455; x_wconf 89' lang='lat' dir='ltr'>statim</span> <span class='ocrx_word' id='word_1_330' title='bbox 626 2418 784 2461; x_wconf 61' lang='lat' dir='ltr'>monio&gt;</span> <span class='ocrx_word' id='word_1_331' title='bbox 819 2417 970 2453; x_wconf 85' lang='lat' dir='ltr'>dolore</span> <span class='ocrx_word' id='word_1_332' title='bbox 1004 2417 1156 2457; x_wconf 77' lang='lat' dir='ltr'>caruit:</span> <span class='ocrx_word' id='word_1_333' title='bbox 1186 2415 1393 2452; x_wconf 87' lang='lat' dir='ltr'>Iordanes</span> <span class='ocrx_word' id='word_1_334' title='bbox 1428 2415 1485 2451; x_wconf 76' lang='grc'>42.</span> <span class='ocrx_word' id='word_1_335' title='bbox 1517 2415 1560 2451; x_wconf 84' lang='grc'>13</span> <span class='ocrx_word' id='word_1_336' title='bbox 1599 2425 1783 2461; x_wconf 91' lang='lat' dir='ltr'>cumque</span> <span class='ocrx_word' id='word_1_337' title='bbox 1810 2419 1960 2450; x_wconf 78' lang='lat' dir='ltr'>votum</span> 
     </span>
     <span class='ocr_line' id='line_1_33' title="bbox 260 2485 1961 2535; baseline -0.004 -9"><span class='ocrx_word' id='word_1_338' title='bbox 260 2500 384 2526; x_wconf 86' lang='lat' dir='ltr'>suum</span> <span class='ocrx_word' id='word_1_339' title='bbox 418 2489 610 2535; x_wconf 73' lang='lat' dir='ltr'>nequivit</span> <span class='ocrx_word' id='word_1_340' title='bbox 645 2489 816 2535; x_wconf 81' lang='lat' dir='ltr'>explere</span> <span class='ocrx_word' id='word_1_341' title='bbox 838 2518 843 2524; x_wconf 93' lang='lat'>.</span> <span class='ocrx_word' id='word_1_342' title='bbox 866 2518 871 2523; x_wconf 91' lang='lat'>.</span> <span class='ocrx_word' id='word_1_343' title='bbox 892 2488 1140 2532; x_wconf 74' lang='lat' dir='ltr'>facinusque</span> <span class='ocrx_word' id='word_1_344' title='bbox 1175 2498 1272 2523; x_wconf 88' lang='lat' dir='ltr'>cum</span> <span class='ocrx_word' id='word_1_345' title='bbox 1307 2486 1503 2533; x_wconf 78' lang='lat' dir='ltr'>Eugenio</span> <span class='ocrx_word' id='word_1_346' title='bbox 1540 2485 1765 2522; x_wconf 88' lang='lat' dir='ltr'>committit</span> <span class='ocrx_word' id='word_1_347' title='bbox 1790 2501 1835 2514; x_wconf 73' lang='lat' dir='ltr'><strong><em>z</em></strong></span> <span class='ocrx_word' id='word_1_348' title='bbox 1862 2495 1961 2521; x_wconf 92' lang='lat' dir='ltr'>cum</span> 
     </span>
     <span class='ocr_line' id='line_1_34' title="bbox 260 2555 1960 2606; baseline -0.004 -9"><span class='ocrx_word' id='word_1_349' title='bbox 260 2567 408 2597; x_wconf 78' lang='lat' dir='ltr'>votum</span> <span class='ocrx_word' id='word_1_350' title='bbox 444 2560 640 2606; x_wconf 73' lang='lat' dir='ltr'>nequiret</span> <span class='ocrx_word' id='word_1_351' title='bbox 672 2560 867 2606; x_wconf 80' lang='lat' dir='ltr'>explere.</span> <span class='ocrx_word' id='word_1_352' title='bbox 890 2588 907 2603; x_wconf 83' lang='lat'>.,</span> <span class='ocrx_word' id='word_1_353' title='bbox 928 2558 1094 2594; x_wconf 91' lang='lat' dir='ltr'>facinus</span> <span class='ocrx_word' id='word_1_354' title='bbox 1114 2588 1121 2594; x_wconf 89' lang='lat'>.</span> <span class='ocrx_word' id='word_1_355' title='bbox 1139 2588 1145 2593; x_wconf 95' lang='lat'>.</span> <span class='ocrx_word' id='word_1_356' title='bbox 1166 2558 1403 2600; x_wconf 77' lang='lat' dir='ltr'>committit,</span> <span class='ocrx_word' id='word_1_357' title='bbox 1444 2557 1500 2593; x_wconf 80' lang='lat'>30.</span> <span class='ocrx_word' id='word_1_358' title='bbox 1519 2556 1566 2592; x_wconf 79' lang='lat'>20</span> <span class='ocrx_word' id='word_1_359' title='bbox 1595 2555 1711 2592; x_wconf 83' lang='lat' dir='ltr'>XLII</span> <span class='ocrx_word' id='word_1_360' title='bbox 1731 2555 1847 2591; x_wconf 89' lang='lat' dir='ltr'>milia</span> <span class='ocrx_word' id='word_1_361' title='bbox 1866 2565 1960 2602; x_wconf 86' lang='lat' dir='ltr'>pro·</span> 
     </span>
     <span class='ocr_line' id='line_1_35' title="bbox 260 2628 1959 2675; baseline -0.004 -8"><span class='ocrx_word' id='word_1_362' title='bbox 260 2638 456 2667; x_wconf 83' lang='lat' dir='ltr'>sternens</span> <span class='ocrx_word' id='word_1_363' title='bbox 492 2638 714 2675; x_wconf 78' lang='lat' dir='ltr'>castraque</span> <span class='ocrx_word' id='word_1_364' title='bbox 748 2629 970 2666; x_wconf 89' lang='lat' dir='ltr'>succendit</span> <span class='ocrx_word' id='word_1_365' title='bbox 1005 2646 1048 2658; x_wconf 70' lang='grc' dir='ltr'>Ξ</span> <span class='ocrx_word' id='word_1_366' title='bbox 1079 2628 1195 2664; x_wconf 83' lang='lat' dir='ltr'>XLII</span> <span class='ocrx_word' id='word_1_367' title='bbox 1232 2629 1348 2664; x_wconf 89' lang='lat' dir='ltr'>milia</span> <span class='ocrx_word' id='word_1_368' title='bbox 1384 2634 1663 2675; x_wconf 86' lang='lat' dir='ltr'>prosternens</span> <span class='ocrx_word' id='word_1_369' title='bbox 1699 2632 1841 2663; x_wconf 88' lang='lat' dir='ltr'>castra</span> <span class='ocrx_word' id='word_1_370' title='bbox 1868 2636 1959 2662; x_wconf 86' lang='lat' dir='ltr'>suc-</span> 
     </span>
     <span class='ocr_line' id='line_1_36' title="bbox 262 2696 1961 2747; baseline -0.003 -10"><span class='ocrx_word' id='word_1_371' title='bbox 262 2702 413 2741; x_wconf 77' lang='lat' dir='ltr'>cendit,</span> <span class='ocrx_word' id='word_1_372' title='bbox 447 2702 503 2738; x_wconf 71' lang='lat'>68.</span> <span class='ocrx_word' id='word_1_373' title='bbox 543 2702 584 2737; x_wconf 69' lang='lat'>15</span> <span class='ocrx_word' id='word_1_374' title='bbox 618 2701 793 2737; x_wconf 86' lang='lat' dir='ltr'>flumina</span> <span class='ocrx_word' id='word_1_375' title='bbox 828 2701 869 2736; x_wconf 91' lang='lat' dir='ltr'>in</span> <span class='ocrx_word' id='word_1_376' title='bbox 906 2700 1114 2747; x_wconf 83' lang='lat' dir='ltr'>Caspium</span> <span class='ocrx_word' id='word_1_377' title='bbox 1141 2710 1261 2736; x_wconf 89' lang='lat' dir='ltr'>mare</span> <span class='ocrx_word' id='word_1_378' title='bbox 1288 2698 1553 2745; x_wconf 76' lang='lat' dir='ltr'>profundens</span> <span class='ocrx_word' id='word_1_379' title='bbox 1580 2698 1770 2733; x_wconf 81' lang='lat' dir='ltr'>Araxem</span> <span class='ocrx_word' id='word_1_380' title='bbox 1798 2696 1961 2743; x_wconf 73' lang='lat' dir='ltr'>Cysum</span> 
     </span>
     <span class='ocr_line' id='line_1_37' title="bbox 262 2768 1961 2817; baseline -0.003 -9"><span class='ocrx_word' id='word_1_381' title='bbox 262 2779 301 2807; x_wconf 91' lang='lat' dir='ltr'>et</span> <span class='ocrx_word' id='word_1_382' title='bbox 355 2771 587 2808; x_wconf 83' lang='lat' dir='ltr'>Cambisen</span> <span class='ocrx_word' id='word_1_383' title='bbox 641 2771 970 2816; x_wconf 79' lang='lat' dir='ltr'>continuatoque</span> <span class='ocrx_word' id='word_1_384' title='bbox 1020 2773 1122 2817; x_wconf 81' lang='lat' dir='ltr'>iugo</span> <span class='ocrx_word' id='word_1_385' title='bbox 1179 2770 1232 2806; x_wconf 79' lang='lat' dir='ltr'>&#39;ad</span> <span class='ocrx_word' id='word_1_386' title='bbox 1284 2769 1474 2816; x_wconf 87' lang='lat' dir='ltr'>Ripheos</span> <span class='ocrx_word' id='word_1_387' title='bbox 1522 2778 1658 2814; x_wconf 88' lang='lat' dir='ltr'>usque</span> <span class='ocrx_word' id='word_1_388' title='bbox 1704 2768 1744 2803; x_wconf 92' lang='lat' dir='ltr'>in</span> <span class='ocrx_word' id='word_1_389' title='bbox 1793 2773 1961 2803; x_wconf 89' lang='lat' dir='ltr'>montes</span> 
     </span>
     <span class='ocr_line' id='line_1_38' title="bbox 262 2838 1912 2889; baseline -0.003 -11"><span class='ocrx_word' id='word_1_390' title='bbox 262 2843 501 2878; x_wconf 82' lang='lat' dir='ltr'>extenditur</span> <span class='ocrx_word' id='word_1_391' title='bbox 534 2860 577 2872; x_wconf 60' lang='grc' dir='ltr'>Ξ</span> <span class='ocrx_word' id='word_1_392' title='bbox 614 2842 788 2878; x_wconf 76' lang='lat' dir='ltr'>flumina</span> <span class='ocrx_word' id='word_1_393' title='bbox 809 2872 814 2877; x_wconf 94' lang='lat'>.</span> <span class='ocrx_word' id='word_1_394' title='bbox 836 2871 842 2877; x_wconf 94' lang='lat'>.</span> <span class='ocrx_word' id='word_1_395' title='bbox 863 2842 1127 2889; x_wconf 81' lang='lat' dir='ltr'>profundens</span> <span class='ocrx_word' id='word_1_396' title='bbox 1148 2871 1153 2878; x_wconf 95' lang='lat'>.</span> <span class='ocrx_word' id='word_1_397' title='bbox 1175 2871 1181 2877; x_wconf 95' lang='lat'>.</span> <span class='ocrx_word' id='word_1_398' title='bbox 1203 2841 1448 2877; x_wconf 86' lang='lat' dir='ltr'>continuato</span> <span class='ocrx_word' id='word_1_399' title='bbox 1486 2840 1587 2885; x_wconf 77' lang='lat' dir='ltr'>iugo</span> <span class='ocrx_word' id='word_1_400' title='bbox 1608 2870 1614 2875; x_wconf 95' lang='lat'>.</span> <span class='ocrx_word' id='word_1_401' title='bbox 1635 2869 1642 2876; x_wconf 91' lang='lat'>.</span> <span class='ocrx_word' id='word_1_402' title='bbox 1663 2838 1912 2874; x_wconf 80' lang='lat' dir='ltr'>extenditur.</span> 
     </span>
    </p>
   </div>
  </div>
 </body>
</html>
