2152 3229
190 1838 230 1867 1()

192 2120 228 2150 14

192 2265 272 2295 16'

191 2546 233 2575 20

257 105 283 145 8
814 116 963 147 Phaedri
990 115 1099 147 soluti
1126 115 1262 146 fabulae
1288 114 1393 146 xxx

255 222 366 263 gunt
390 218 505 255 tvvs.
539 239 581 243 —
615 217 664 254 V.
696 218 710 253 1
741 217 919 254 cochlea
945 217 1167 263 speculum
1195 215 1387 262 repperit.
1414 215 1610 251 similiter
1639 218 1670 250 Φ
1697 214 1711 250 Ι
1737 214 1794 250 27.
1821 214 1845 250 3
1869 213 1954 250 Hu-

257 283 383 308 mana
422 271 631 307 effodiens
666 280 765 307 ossa
792 270 1043 307 thesaurum
1071 270 1189 306 canis
1215 268 1386 313 invenitl
1413 268 1470 304 ΙΙΙ
1500 268 1552 304 12.
1583 267 1597 303 1
1629 267 1676 303 In
1702 267 1955 314 sterquilino

255 326 396 372 pullus
429 324 684 370 gallinacius
713 353 742 360 ..
772 323 1057 368 margaritam
1084 322 1278 369 repperit,
1303 321 1343 357 V
1369 322 1402 358 6.
1434 322 1448 357 1
1478 320 1643 357 Invenit
1671 321 1819 356 calvus
1846 320 1956 356 forte

255 380 296 414 in
324 378 450 414 trivio
478 377 703 424 pectinem,
731 391 759 423 (ρ
787 376 887 412 XIII
912 376 935 412 ‘2
961 375 1071 412 Nido
1100 376 1307 412 lusciniae
1334 384 1494 422 parvos
1523 372 1729 419 accipiter
1755 402 1785 410 ..
1812 374 1954 420 pullos

254 432 424 476 invenit,
450 446 479 478 φ
505 430 626 466 XXX
655 431 669 465 1
700 430 893 476 gladium
921 429 1080 465 invenit
1106 430 1147 465 in
1174 429 1255 465 via.
1286 450 1327 453 —
1354 428 1378 464 3
1402 431 1531 474 snper
1558 432 1603 463 ut
1629 426 1666 462 h.
1695 426 1717 462 1.
1747 426 1801 462 ad
1826 426 1952 462 finem

257 495 407 521 versus
443 490 506 520 est
538 485 790 529 relegatum,
823 483 880 519 ita
915 484 946 516 Φ
974 482 988 518 Ι
1014 482 1069 518 27.
1097 482 1121 519 8
1147 512 1177 518 ..
1206 492 1333 529 quem
1360 487 1478 518 stans
1505 479 1716 516 vulturius
1741 484 1871 525 super
1891 481 1908 523 Ι,
1925 482 1958 514 Φ

256 538 291 574 ΙΙ
318 538 341 574 6
370 538 406 574 11
431 568 436 575 .
455 568 460 573 .
481 537 632 574 suadet
652 542 695 573 ut
713 537 938 583 scopulum
957 541 1086 582 snper
1104 566 1120 581 Ἴ.
1142 557 1182 560 -
1203 536 1225 571 6
1242 534 1508 581 splendorem
1527 550 1558 563 ω
1579 537 1610 569 Φ
1629 532 1686 568 ΙΙΙ
1709 531 1761 568 12.
1780 533 1803 568 5
1819 532 1952 578 splen-

255 591 398 627 dorem
426 591 700 635 margaritae.
730 611 772 615 —
798 589 1006 625 sustinere
1032 606 1075 618 z
1104 589 1188 635 pati
1216 605 1247 618 fv
1277 593 1307 624 Φ
1334 588 1349 623 Ι
1376 588 1408 623 3.
1441 587 1492 624 11.

374 644 463 680 Iam
502 654 641 690 pauca
681 643 732 679 de
774 642 1065 689 argumenti
1105 642 1431 678 tractatione.
1467 639 1581 687 quod
1618 639 1768 675 simius
1801 639 1843 674 in
1876 638 1956 674 hac

255 698 399 734 fabula
438 703 582 744 partes
622 697 710 742 agit
749 696 912 740 iudiciS,
947 696 1000 740 id,
1035 701 1079 731 ut
1112 695 1360 731 observavit
1391 694 1537 730 Tun-:LE
1570 704 1606 739 p.
1640 691 1697 737 ¹29,
1729 691 1867 728 simile
1894 697 1956 727 est

256 751 426 788 fabulae
461 753 492 785 Φ
524 750 539 786 Ι
576 750 627 786 10.
670 771 710 775 —
753 750 906 796 duplex
948 749 1117 785 videtur
1156 749 1280 785 huius
1315 759 1409 784 esse
1444 748 1508 783 vis
1542 746 1724 782 fabulae.
1757 754 1867 791 quae
1901 749 1954 780 tc-

255 805 455 841 stimonio
491 809 553 840 est
586 809 625 839 et
658 803 788 849 pollui
823 813 978 849 purum
1011 802 1167 848 impuri
1203 802 1478 847 contagione2
1508 806 1553 846 ,et
1587 799 1657 846 qui
1690 808 1776 834 non
1816 798 1955 833 valeat

258 869 280 894 a
307 868 352 893 se
380 857 610 893 defendere
638 857 723 892 vim
751 856 839 892 suis
868 855 1042 896 viribus,
1071 866 1179 895 eum.
1208 855 1404 901 quamvis
1432 855 1715 899 innocentem,
1744 851 1828 897 pati
1859 860 1957 886 con-

346 1080 379 1118 (ρ
421 1064 506 1109 IV.
574 1077 602 1109 a
626 1064 688 1108 13.
756 1061 989 1108 MVRES
1022 1062 1352 1107 VRBANVS
1387 1062 1472 1106 ET
1506 1061 1865 1108 RVSTICVS.

255 1186 455 1237 hospitio
490 1185 723 1237 quondam
756 1196 858 1224 mus
890 1185 1096 1224 urbanus
1130 1191 1358 1235 exceptus
1392 1190 1462 1224 est
1494 1183 1656 1224 rustici

257 1264 302 1298 et
335 1256 494 1297 humili
527 1256 698 1307 glande
735 1256 978 1295 caenavit·
1016 1255 1220 1295 Causam

255 1327 476 1380 perfecit·
512 1327 728 1379 perduxit
761 1326 981 1377 precibus
1014 1333 1118 1377 post
1151 1325 1196 1365 in
1229 1327 1343 1366 urbe
1378 1326 1617 1366 rusticum.

257 1400 517 1450 cellamque
552 1397 743 1438 intravit
776 1397 973 1448 plurimo
1007 1395 1232 1436 refertam
1266 1396 1369 1436 cibo

255 1470 303 1510 In
338 1482 428 1521 qua
463 1481 567 1509 cum
600 1469 743 1509 variis
775 1468 1040 1520 perfruitur.

255 1541 418 1581 hostiis
451 1540 697 1580 cellarario
732 1539 930 1590 repulsis
997 1527 1001 1530 Δ

256 1755 462 1794 urbanus
494 1762 605 1794 nota
638 1753 775 1793 facile
809 1766 858 1793 se
895 1753 1140 1792 abscondit
1175 1764 1396 1792 caverna.

258 1825 320 1865 At
353 1825 493 1865 miser
526 1824 729 1864 rusticus
762 1824 922 1874 ignota
954 1823 1158 1874 trepidat
1192 1823 1342 1863 domo.

257 1903 547 1947 mortemque
582 1903 796 1935 metuens
831 1895 958 1934 circa
990 1894 1195 1946 parietes
1230 1894 1447 1934 cursitat·

259 1967 543 2008 Cellararius
576 1978 695 2018 quae
730 1966 874 2005 voluit
908 1965 1120 2006 sustulit·

259 2038 517 2090 clausitque
553 2038 715 2077 limen·
782 2037 955 2076 Iterum
989 2037 1196 2076 urbanus
1228 2036 1454 2076 rusticum

259 2110 317 2149 ad
363 2121 521 2150 escam
562 2109 799 2149 hortatur·
848 2108 910 2148 At
955 2107 1055 2148 ille·
1103 2108 1196 2148 Vix
1241 2119 1451 2159 possum·
1498 2107 1636 2147 valde
1680 2105 1960 2158 perterritus

376 2181 579 2221 Putasne
614 2179 771 2220 veniet
806 2179 907 2219 ille?
942 2184 1121 2219 tantum
1156 2190 1269 2229 ergo
1303 2184 1518 2218 metuens
1551 2177 1626 2218 ait.

259 2324 395 2363 Haud
427 2324 512 2363 has
545 2328 592 2361 tu
626 2321 802 2373 poteris
836 2321 1045 2361 invenire
1080 2320 1285 2360 delitias·

261 2394 346 2435 Cui
377 2406 454 2446 rp·
493 2426 705 2433 ........

263 2497 572 2505 ...........

261 2547 334 2575 me
367 2537 503 2586 glans
535 2546 752 2575 securam
785 2541 950 2585 pascat
985 2540 1031 2573 et
1064 2533 1280 2579 liberam:

262 2606 367 2657 quia
401 2605 565 2646 melius
599 2612 668 2646 est
700 2605 742 2645 in
778 2605 1107 2656 paupertatula
1141 2616 1225 2644 sua
1258 2615 1418 2644 secum
1453 2603 1627 2643 vivere.

263 2689 400 2728 quam
433 2677 698 2717 divitiarum
733 2676 859 2727 carpi
894 2674 1203 2715 sollicitudine

381 2804 607 2839 Adnotatio.
657 2805 689 2839 V
721 2804 756 2838 2.
808 2814 908 2839 casa
940 2802 1310 2849 sc1·ipsi:cansam
1344 2812 1378 2838 a.
1412 2801 1580 2837 correxi
1613 2800 1768 2836 collato
1801 2810 1852 2845 w,
1886 2799 1956 2836 ubi

261 2857 322 2893 sic
350 2856 548 2893 est:-1lns
575 2857 766 2892 urbanus
795 2887 799 2891 .
819 2886 824 2891 .
851 2856 910 2892 sic
935 2854 1118 2901 hospicio
1144 2857 1365 2900 susceptus
1390 2857 1450 2890 est
1478 2882 1507 2889 ..
1534 2864 1561 2889 a
1579 2863 1700 2889 mure
1718 2851 1894 2898 agrario
1914 2857 1957 2888 ut
