2152 3229
702 180 791 212 Fab.
819 180 919 212 xiii.
962 180 1139 211 Luscinia
1167 185 1203 211 et
1230 180 1412 220 accipiter
1853 165 1906 204 27

207 282 464 335 Coepitque
495 283 743 324 devorare.
779 296 838 324 ex
870 283 1057 324 diverso
1091 281 1220 324 venit

206 353 398 405 Auceps
430 353 623 394 silenter
656 361 703 394 et
735 355 863 395 levat
898 355 1132 395 calamum
1168 353 1347 406 [litumL

138 428 179 458 10
205 424 498 476 Accz'pz'trem
530 431 708 465 tactum
740 425 873 465 visco
907 425 952 464 in
985 430 1161 464 terram
1194 424 1364 464 deiz'cit.
1792 440 1819 450 -

205 495 362 536 Debet
393 495 559 536 timere
593 507 651 535 ne
688 495 816 548 [ipse]
855 495 1069 546 capiatur
1104 494 1224 547 [sua]

208 565 401 619 [Malitia
433 566 491 619 Si]
527 566 631 617 quis
665 565 766 606 aliis
798 565 990 606 insidias
1022 566 1174 605 struit.

203 692 315 728 quae
342 692 441 718 cum
466 680 650 717 Phaedri
678 685 816 716 aetate
844 680 1000 716 fuerint
1027 680 1193 723 usitata,
1221 679 1383 716 scilicet
1410 690 1435 715 a
1460 679 1660 715 Phaedro
1688 690 1771 716 non
1794 680 1908 716 abiu-

200 734 388 771 dicanda
402 739 510 770 sunt.
521 738 663 769 cetera
680 738 822 769 autem
837 738 934 769 sunt
949 733 1077 769 etiam
1092 733 1134 768 in
1151 737 1191 769 Φ.
1203 743 1387 779 quorum
1403 732 1509 768 haec
1526 732 1782 768 notabiliora
1798 739 1907 769 sunt.

207 787 221 823 1
251 787 348 823 nido
374 803 405 816 Ν
434 791 465 823 Φ
492 786 527 822 ΙΙ
553 786 586 822 4.
616 786 645 831 1,
674 797 768 832 app.
794 786 852 822 30.
877 786 901 822 2
927 786 1087 822 nidum.
1117 807 1159 811 —
1186 785 1387 822 lusciniae
1411 802 1443 814 Ν
1464 790 1495 822 Φ
1514 785 1570 821 ΙΙΙ
1593 786 1645 821 18.
1665 786 1688 821 2
1707 786 1909 822 lnscz‘m'ae

204 839 293 885 NV,
325 839 494 875 luscinii
522 839 565 875 P.
599 860 642 864 —
676 839 825 875 sedens
850 857 881 869 Ν
910 843 941 875 Φ
967 838 1025 875 ΙΙΙ
1051 840 1082 875 6.
1114 840 1142 885 1,
1169 840 1202 883 5,
1232 838 1289 874 IV
1315 839 1372 874 24.
1400 839 1432 873 7.
1462 860 1506 863 ——
1531 838 1565 874 2.
1594 849 1728 874 {tetras
1754 855 1785 867 Ν
1814 843 1845 875 Φ
1872 839 1908 874 ΙΙ

196 893 234 928 6.
261 893 293 929 7.
327 913 371 918 —
404 892 547 939 pullos
579 909 610 922 Ν
639 896 670 927 Φ
697 891 713 928 Ι
738 892 795 928 28.
822 893 856 937 4,
884 892 942 928 III
972 892 1024 928 12.
1055 893 1083 928 1.
1113 913 1154 917 -—
1182 891 1351 928 invenit.
1380 902 1431 928 ex
1459 902 1509 928 eo
1539 892 1655 938 quod
1684 892 1779 938 quis
1807 892 1908 938 quid

198 945 357 982 dicitur
388 945 604 982 invenisse
635 945 801 982 initium
834 946 1039 982 narrandi
1073 946 1247 982 ductum
1275 950 1348 989 est,
1376 950 1420 981 ut
1447 946 1488 981 in
1516 945 1595 981 hac
1623 945 1778 986 fabula,
1807 946 1907 982 item

204 1003 236 1035 Φ
268 998 283 1034 Ι
314 998 372 1035 27.
403 998 427 1034 3
458 1009 531 1046 sq.,
564 998 604 1034 V
634 999 667 1035 6.
698 999 727 1034 1.
757 1020 799 1023 —
825 999 859 1035 3.
886 1003 1060 1045 parcere
1086 1015 1129 1028 z
1156 999 1304 1035 vivere
1331 999 1474 1035 sinere
1501 1016 1532 1028 Ν
1560 1003 1591 1035 Φ
1618 998 1675 1034 ΙΙΙ
1702 999 1735 1034 2.
1768 999 1811 1035 15
1838 1000 1907 1045 qui

202 1053 320 1089 ferae.
343 1055 627 1099 pepercerant,
655 1052 671 1088 I
696 1051 753 1088 22.
779 1052 802 1088 2
825 1057 953 1098 parce
980 1052 1082 1088 mihi
1109 1069 1153 1082 z
1179 1053 1266 1088 noli
1294 1051 1512 1093 occidere;
1529 1052 1630 1088 item
1651 1052 1791 1097 1188,
1813 1063 1906 1099 app.

198 1107 234 1143 6.
264 1106 317 1142 11.
345 1127 388 1131 -
420 1106 453 1142 4.
481 1105 659 1141 Faciam
685 1122 729 1134 z
756 1116 945 1152 parcam.
974 1116 1084 1152 quae
1110 1106 1152 1141 in
1180 1116 1430 1152 responso
1461 1105 1676 1151 accipitris
1705 1106 1907 1141 universa

202 1159 386 1195 faciendi
428 1158 686 1205 significatio
729 1159 783 1195 ad
822 1159 925 1195 illud
959 1159 1071 1205 quod
1102 1159 1282 1195 luscinia
1309 1164 1488 1204 rogarat
1515 1157 1699 1194 refertur
1728 1164 1768 1194 et
1793 1159 1907 1194 valet

200 1213 326 1249 idem.
360 1212 556 1249 similiter
582 1212 853 1249 conformata
880 1217 943 1248 est
970 1213 1195 1259 responsio
1226 1216 1257 1248 Φ
1284 1212 1300 1248 Ι
1326 1212 1384 1248 25.
1411 1212 1506 1247 6-8
1532 1211 1592 1247 sic
1622 1211 1907 1247 corcodrillus

198 1265 484 1313 :>›quamlibet
515 1265 658 1301 lambe
691 1266 789 1311 otio,
825 1271 936 1312 pota,
971 1265 1164 1301 accede-x.
1200 1271 1241 1301 at
1273 1265 1365 1301 ille:
1392 1264 1610 1310 jacerent>
1647 1264 1685 1301 (i.
1721 1275 1753 1300 e.
1790 1275 1906 1300 acce-

201 1319 349 1355 derem
376 1324 416 1355 et
441 1322 653 1365 potarem)
686 1319 849 1355 »hercle
875 1319 955 1355 nisi
984 1329 1078 1355 esse
1105 1319 1262 1354 scirem
1290 1318 1432 1354 carnis
1461 1322 1501 1354 te
1521 1317 1724 1364 cupidum
1747 1327 1904 1353 meae».

202 1394 244 1397 —
281 1374 305 1408 5
342 1374 483 1408 cantat
520 1372 729 1416 (luscinia)
767 1387 798 1400 Ν
834 1376 864 1408 Φ
898 1372 954 1408 ΙΙΙ
991 1372 1043 1408 18.
1069 1371 1092 1408 2
1124 1375 1275 1408 cantus
1301 1371 1508 1408 lusciniae
1536 1372 1619 1409 (vel
1647 1371 1832 1415 luscinii)
1858 1392 1901 1396 m

196 1427 343 1462 coacta
381 1425 666 1470 (necessitate)
704 1441 736 1453 Ν
770 1430 800 1462 Φ
839 1425 899 1461 IV
927 1426 960 1462 3.
998 1426 1011 1461 1
1049 1426 1161 1462 fame
1195 1428 1348 1462 coacta.
1387 1446 1429 1450 —-
1464 1426 1487 1461 6
1518 1424 1729 1471 praedam
1765 1427 1904 1470 capta-

197 1479 273 1514 bat
301 1495 333 1508 Ν
367 1482 398 1515 Φ
431 1478 447 1514 Ι
478 1477 536 1514 29.
571 1479 587 1514 1
622 1479 757 1515 risum
789 1481 972 1525 captant.
1007 1500 1049 1503 —
1082 1479 1106 1515 8
1138 1478 1342 1515 devorare
1376 1478 1599 1525 (praedam
1625 1478 1786 1521 vivam)
1814 1494 1845 1507 Ν
1875 1482 1905 1514 Φ

199 1542 341 1578 saepe.
381 1553 424 1557 -
458 1531 501 1567 10
532 1534 690 1568 tactmn
723 1532 843 1568 visco
875 1548 907 1561 Ν
942 1537 972 1568 Φ
1006 1532 1021 1568 Ι
1053 1532 1110 1568 24.
1137 1532 1160 1567 3
1192 1534 1326 1576 (sanai
1361 1533 1471 1568 tacta
1498 1532 1669 1568 invidia.
1714 1552 1752 1556 —
1782 1531 1835 1567 ib.
1864 1531 1906 1566 2'11

197 1588 359 1621 terram
392 1584 525 1621 deficit
555 1602 587 1614 Ν
622 1589 653 1621 Φ
687 1585 724 1621 ΙΙ
760 1586 789 1621 1.
821 1585 835 1621 l
874 1585 1103 1622 iuvencum
1141 1585 1196 1629 (in
1230 1588 1404 1622 terram>
1433 1585 1646 1621 desectzmz.
1676 1605 1718 1610 —
1744 1585 1766 1620 9
1792 1584 1906 1620 levat

200 1639 416 1674 calamum
447 1654 479 1667 Ν
513 1643 544 1675 Φ
576 1637 635 1674 IV
667 1639 700 1675 4.
726 1639 749 1674 4
777 1649 904 1685 quern
932 1639 1062 1675 dorso
1090 1639 1249 1675 levans.
1280 1660 1318 1664 —
1353 1638 1489 1675 11-12
1516 1650 1569 1674 ne
1596 1639 1687 1685 ipse
1715 1637 1908 1684 capiatur

202 1703 280 1729 sua
308 1691 470 1728 malitia
495 1708 526 1721 Ν
556 1695 587 1728 Φ
614 1691 630 1727 Ι
655 1692 712 1727 23.
739 1693 762 1728 4
789 1692 957 1728 obiecto
985 1697 1198 1739 temptans
1227 1703 1279 1728 an
1307 1692 1403 1728 cibo
1431 1697 1577 1738 posset
1603 1690 1707 1737 capi.
1734 1712 1774 1715 ——
1805 1692 1905 1736 [nm-

201 1746 304 1791 lt'tz'a]
338 1762 368 1775 Ν
401 1749 433 1781 Φ
459 1744 496 1780 ΙΙ
528 1744 560 1781 4.
593 1746 616 1780 5
648 1746 831 1781 scelesta
857 1745 1035 1781 maistin.
1061 1766 1106 1770 —
1136 1745 1178 1781 12
1204 1745 1382 1781 insidias
1407 1762 1438 1774 Ν
1467 1749 1507 1781 Φ.

319 1798 544 1835 Postremo
584 1808 723 1844 pauca
756 1798 809 1834 de
841 1799 1004 1835 rebus.
1039 1798 1145 1834 haec
1173 1799 1225 1835 de
1252 1798 1433 1835 luscinia
1461 1803 1499 1834 et
1528 1799 1733 1845 accipitre
1761 1798 1906 1834 fabula

201 1852 328 1889 docet
361 1851 548 1898 primum
576 1851 680 1887 illud
706 1851 821 1888 haud
848 1853 1017 1896 laetum,
1045 1852 1327 1888 infirmiorem
1355 1862 1450 1888 esse
1479 1852 1519 1887 in
1547 1851 1769 1888 validioris
1798 1851 1904 1887 arbi-

201 1906 283 1942 trio
311 1916 361 1941 ac
388 1909 609 1952 potestate.
639 1911 791 1941 contra
819 1905 906 1941 vim
934 1905 1226 1951 praepotentis
1245 1904 1349 1940 nihil
1366 1905 1514 1941 valere
1534 1905 1740 1952 supplicis
1759 1904 1905 1944 verba,

200 1959 306 1995 nihil
330 1958 616 2001 innocentian,
643 1958 747 1994 nihil
773 1959 1055 1994 sanctitatem.
1084 1959 1126 1994 in
1145 1969 1275 2005 quam
1295 1958 1478 1994 eandem
1498 1959 1754 1995 sententiam
1773 1958 1905 2004 scrip-

200 2021 271 2049 tae
303 2017 401 2048 sunt
436 2012 595 2048 multae
629 2011 799 2047 fabulae
826 2011 1032 2054 Phaedri;
1060 2018 1103 2048 ut
1132 2016 1163 2048 Φ
1190 2011 1205 2047 Ι
1237 2012 1265 2054 1,
1291 2013 1324 2056 5,
1351 2011 1383 2057 6,
1409 2011 1467 2054 21,
1494 2012 1551 2052 30,
1581 2011 1638 2047 IV
1670 2012 1697 2053 1,
1727 2022 1820 2058 app.
1852 2011 1904 2053 15,

204 2066 259 2112 16,
288 2065 342 2111 19,
367 2065 424 2110 22,
450 2064 508 2110 24,
534 2078 563 2111 φ
592 2065 619 2109 Ι,
648 2065 716 2111 ΙΙΙ,
744 2064 1008 2106 XV—-XVII,
1036 2065 1170 2101 XXV.
1199 2065 1241 2102 id
1269 2076 1440 2112 quoque
1468 2065 1565 2101 huic
1595 2065 1764 2101 fabulae
1793 2075 1904 2101 com-

203 2129 333 2156 mune
365 2124 428 2155 est
461 2129 559 2154 cum
594 2118 687 2155 aliis
715 2118 973 2165 quibusdam
1001 2119 1154 2155 fabulis
1181 2118 1474 2159 Phaedrianis,
1504 2119 1619 2165 quod
1646 2124 1905 2164 praepotens

204 2173 340 2209 bestia
370 2172 560 2218 potentia
588 2171 774 2208 abutitur
800 2182 886 2208 non
913 2171 1042 2208 modo
1071 2171 1302 2208 crudeliter
1328 2171 1401 2208 sed
1431 2172 1557 2207 etiam
1587 2172 1832 2216 insolenter,
1861 2178 1905 2207 ut

204 2225 389 2262 ludibrio
421 2224 578 2261 habeat
604 2225 898 2271 infirmiorem.
929 2225 1043 2272 quod
1071 2225 1438 2272 quemadmodum
1465 2225 1507 2261 in
1535 2225 1614 2261 hac
1644 2225 1696 2260 de
1723 2225 1905 2261 luscinia

203 2284 245 2314 et
281 2278 485 2325 accipitre
524 2277 679 2321 fabula,
707 2278 807 2314 item
841 2278 885 2314 fit
913 2281 944 2313 Φ
971 2278 986 2314 Ι
1017 2279 1045 2314 1.
1074 2300 1116 2304 —
1144 2290 1223 2315 nec
1250 2289 1368 2322 vero,
1398 2278 1512 2324 quod
1539 2278 1580 2313 in
1610 2278 1762 2323 multis,
1791 2278 1833 2314 id
1860 2278 1903 2314 fit

204 2332 246 2367 in
284 2331 365 2367 hac
398 2330 552 2375 fabula,
580 2336 624 2366 ut
651 2331 905 2378 improbitas
932 2338 1080 2379 peccet
1109 2332 1293 2378 impune.
1322 2332 1409 2375 sed,
1439 2331 1610 2377 quando
1640 2331 1723 2366 iam
1752 2331 1904 2367 victrix

205 2384 384 2428 videtur,
416 2394 601 2430 poenam
635 2384 710 2420 luit
743 2384 942 2421 debitam.
977 2385 1091 2431 quod
1120 2385 1220 2421 item
1248 2385 1291 2421 fit
1320 2389 1351 2421 Φ
1379 2384 1394 2421 Ι
1420 2385 1453 2424 9,
1485 2384 1537 2425 17,
1563 2384 1620 2429 28,
1649 2383 1706 2419 ΙΙΙ
1732 2385 1766 2428 5,
1796 2384 1848 2427 16,
1876 2398 1903 2430 ῳ

204 2438 233 2482 Ι,
266 2437 314 2482 ΙΙ,
347 2436 458 2481 VIII,
492 2436 564 2472 Xl.
600 2437 677 2473 sed
710 2447 916 2483 quorsum
951 2438 1056 2474 haec
1090 2438 1256 2475 omnia?
1283 2449 1438 2485 nempe
1466 2448 1550 2484 quo
1580 2438 1720 2483 magis
1748 2437 1903 2473 intelle-

203 2501 371 2536 gamus,
407 2490 517 2526 hanc
557 2489 609 2526 de
637 2490 817 2526 luscinia
850 2496 890 2526 et
923 2492 1126 2538 accipitre
1160 2492 1349 2527 fabulam
1389 2491 1581 2527 eiusdem
1616 2491 1770 2526 mentis
1798 2490 1903 2526 eius-

205 2544 389 2589 demque
428 2553 523 2579 esse
564 2543 729 2579 consilii
770 2553 852 2589 quo
893 2545 1048 2580 multas
1081 2544 1247 2581 fabulas
1280 2544 1584 2580 Phaedrianas.
1620 2544 1901 2590 quamohrem

205 2606 468 2643 quamquam
494 2595 716 2632 Phaedrus
745 2603 1001 2642 argumenta
1028 2597 1234 2644 pleraque
1262 2608 1346 2634 non
1367 2597 1639 2643 excogitavit,
1659 2603 1801 2633 tamen
1822 2597 1902 2632 hoc

204 2649 378 2697 quidem
412 2648 730 2693 affirmaverim,
764 2648 1008 2686 Phaedrum
1035 2650 1137 2686 talia
1164 2657 1419 2697 argumenta
1449 2661 1607 2693 amare,
1635 2655 1675 2686 et
1702 2650 1778 2686 has
1809 2660 1902 2696 pro-

204 2703 418 2750 prietates,
447 2713 553 2750 quas
579 2702 775 2749 proxime
802 2701 995 2744 diximus,
1024 2703 1066 2739 in
1092 2703 1276 2739 Phaedri
1305 2704 1458 2740 fabulis
1487 2704 1672 2739 maxime
1694 2713 1903 2749 apparere

203 2762 246 2793 et
273 2762 430 2794 extare.

324 2809 462 2845 Aliter
487 2809 633 2846 THIELE
658 2820 697 2856 p.
723 2808 851 2845 LVII.
881 2809 951 2855 qui
980 2809 1094 2856 quod
1121 2815 1251 2855 negat
1278 2809 1319 2845 in
1346 2809 1426 2845 hac
1455 2809 1599 2845 fabula
1626 2810 1767 2845 inesse
1787 2809 1902 2855 quid-

204 2873 335 2909 quam
368 2862 665 2899 Phaedrianae
693 2862 902 2906 dictionis,
930 2861 970 2898 id
998 2862 1205 2898 refellitur
1231 2862 1281 2898 iis
1309 2872 1419 2909 quae
1446 2862 1575 2898 modo
1606 2862 1836 2898 attulimus.
1863 2868 1903 2897 et

204 2926 316 2962 quae
350 2915 402 2952 de
434 2915 565 2952 aum'ti
593 2915 807 2952 vocabulo
836 2915 1032 2962 disputat,
1061 2926 1111 2951 ea
1137 2926 1249 2951 vana
1276 2920 1384 2952 sunt.
1412 2926 1599 2962 namque
1628 2915 1903 2952 adnotatione
