2152 3229
119 1852 157 1880 11>

121 2135 157 2164 14

121 2272 159 2301 l()

343 141 433 172 Fab.
460 140 524 179 III,
552 140 616 171 IV.
668 140 804 171 Coclea
832 145 867 171 et
895 139 1098 180 speculum.
1151 139 1276 170 Mures
1304 139 1469 169 urbanus
1498 143 1533 169 et
1560 137 1720 169 rusticus
1861 125 1886 163 9

185 242 382 279 tumelias
421 247 462 277 et
487 241 664 278 iniurias
689 271 695 277 .
724 240 839 288 quod
877 240 1111 285 Phaedrus,
1138 245 1184 276 ut
1209 244 1301 275 erat
1326 239 1459 275 tristis
1486 238 1613 275 iudex
1639 249 1786 274 rerum
1813 238 1887 274 hu-

185 305 413 331 manarum
444 304 677 341 rerumque
711 300 902 338 naturae,
936 292 1230 340 frequentibus
1265 292 1509 328 fabularum
1536 291 1721 328 ostendit
1748 301 1885 327 exem-

184 347 276 394 plis.
303 352 349 384 ut
374 347 528 383 fabulis
557 349 588 381 Φ
615 347 631 383 I
662 347 690 388 1,
716 347 748 389 6,
775 347 808 391 9,
833 347 867 390 5,
899 347 951 386 15,
982 346 1034 389 17,
1064 345 1117 389 19,
1143 344 1200 390 21,
1226 345 1284 389 30,
1310 345 1366 388 31,
1396 344 1465 380 IV.
1495 345 1524 384 1,
1554 355 1647 391 app.
1678 344 1730 389 15,
1758 344 1811 390 16,
1833 344 1886 384 18,

187 401 240 446 19,
271 399 329 446 22,
361 400 418 445 24,
451 413 480 445 φ
514 400 542 441 Ι,
575 400 624 442 Χ,
657 399 768 440 XIII,
801 398 892 442 XV,
925 398 1038 441 XVI,
1070 397 1203 443 XVII,
1237 397 1369 440 XXV,
1404 397 1556 434 XXIX.
1590 397 1784 434 eiusdem
1823 403 1888 433 est

185 459 383 490 austerae
419 453 637 500 tristisque
675 453 910 499 sapientiae
949 451 1064 498 quod
1101 451 1195 498 ipsa
1235 450 1457 487 calamitas
1503 456 1708 496 tanquam
1759 450 1885 496 culpa

186 507 343 544 misero
370 507 615 553 imputatur.
643 505 769 552 quod,
798 504 1163 552 quemadmodum
1190 504 1231 539 in
1259 504 1340 539 hac
1367 503 1511 539 fabula
1538 516 1567 547 q)
1588 502 1644 538 III
1665 503 1717 539 de
1737 504 1884 539 coclea

185 566 225 596 et
251 560 438 607 speculo,
465 559 510 595 fit
535 560 636 595 item
663 558 818 594 fabulis
847 562 878 594 Φ
904 557 919 593 Ι
950 557 1002 599 12,
1029 557 1086 601 31,
1114 556 1174 592 IV
1202 556 1256 600 19,
1283 569 1312 602 φ
1339 555 1472 591 XVII.
1489 555 1604 602 quod
1624 566 1885 591 commemo-

185 624 245 659 1⁴0,
272 623 358 649 non
386 612 500 660 quod
526 611 747 648 Phaedrus
774 610 919 647 omnia
946 610 1047 646 talia
1073 608 1328 655 excogitarit
1356 630 1398 633 —
1426 608 1542 655 quod
1568 613 1701 654 negat
1726 608 1818 654 ipse
1838 628 1880 632 —

184 666 261 703 sed
288 666 403 713 quod
429 665 530 702 talia
557 670 812 711 argumenta
841 669 956 699 amat
983 668 1023 699 et
1049 662 1297 709 frequenter
1316 661 1499 698 adhibet.
1520 661 1678 697 etenim
1696 660 1882 702 Phaedri

184 720 267 756 ioci
294 740 336 744 —
365 729 472 765 quos
499 718 609 754 iocos
634 718 862 753 nominans
889 716 1063 752 nomine
1089 722 1188 751 utor
1213 715 1358 761 ipsius,
1385 725 1573 761 namque
1602 713 1661 750 IV
1687 714 1720 750 7.
1739 714 1761 749 2
1779 724 1883 750 suos

184 773 275 819 ipse
302 772 468 808 fabulas
494 772 613 807 iocos
639 771 833 806 nominat
862 790 900 794 —
930 769 1006 805 sed
1032 769 1115 805 ioci
1133 768 1318 804 Phaedri
1338 768 1455 804 mixti
1476 774 1574 804 sunt
1595 766 1882 803 amaritudine

185 825 371 872 quadam
403 824 595 871 proiecta
630 834 654 859 a
686 823 809 869 gravi
845 822 994 859 dolore
1027 822 1168 863 animi,
1203 822 1325 869 quasi
1360 822 1395 858 is
1428 822 1594 857 iocetur
1628 821 1698 867 qui
1737 820 1883 856 duram

185 878 324 915 omnis
350 878 463 914 vitae
491 877 789 913 condicionem
817 876 976 912 intimis
1004 875 1200 912 sensibus
1226 875 1394 921 penitus
1422 874 1674 921 perceperit.

215 1085 300 1129 IV.
366 1083 599 1129 MVRES
640 1082 968 1128 VRBANVS
1003 1081 1088 1126 ET
1122 1080 1481 1127 RVSTICVS.
1546 1085 1675 1123 Μῶν.
1710 1083 1852 1123 restit.

184 1205 397 1258 Hospitio
431 1205 666 1257 quondam
698 1216 800 1244 mus
832 1205 1038 1244 urbanus
1069 1202 1230 1243 rustici

184 1277 424 1328 Exceptus
455 1275 613 1315 humili
646 1275 817 1326 glande
853 1275 1040 1314 cenavit
1075 1286 1200 1314 casa.

184 1347 403 1388 Perduxit
436 1347 655 1399 precibus
687 1352 793 1397 post
826 1345 871 1385 in
904 1346 1067 1385 urbem
1100 1345 1338 1385 rusticum.

183 1418 424 1458 Refertam
458 1417 649 1458 intravit
682 1417 878 1468 plurimo
913 1417 1081 1456 cellam
1116 1416 1233 1456 cibo.

183 1489 233 1529 In
266 1501 356 1541 qua
389 1490 497 1529 dum
530 1488 672 1528 variis
709 1488 859 1540 [escis]
893 1487 1148 1538 perfruitur
1186 1486 1380 1540 [lt'bens],

186 1559 350 1612 {Venit}
384 1559 583 1611 repulsis
617 1559 747 1599 ostiis
781 1559 1016 1598 cellarius.

187 1631 411 1683 [Tz'mnere
443 1642 611 1681 mures,
644 1630 720 1669 illo
755 1629 950 1681 strepitu
983 1629 1146 1681 territi]

185 1702 471 1754 [Fugamqne
502 1712 586 1752 per
619 1701 806 1741 diversa
840 1708 1067 1752 ceperunt
1100 1701 1237 1752 loca.]

186 1772 401 1813 Urbanus
432 1778 541 1812 noto
576 1771 714 1811 facile
748 1784 797 1811 se
832 1771 1078 1811 abscondit
1113 1783 1245 1811 cavo.

187 1843 248 1884 At
280 1844 421 1884 miser
453 1842 612 1894 ignota
646 1842 847 1882 rusticus
880 1841 1082 1893 trepidat
1116 1843 1268 1892 domo,

185 1914 476 1966 Mortemque
510 1921 724 1954 metuens
759 1920 915 1953 cursat
951 1914 1077 1953 circa
1110 1913 1328 1965 parietes.

186 1988 316 2035 Quae
348 1985 493 2026 voluit
527 1984 660 2038 [inde]
697 1984 881 2025 sustulit
915 1984 1135 2024 cellarius

186 2057 454 2109 Clausitque
488 2057 642 2096 limen.
676 2056 845 2095 iterum
878 2055 1082 2095 urbanus
1114 2054 1340 2095 rusticum

186 2127 260 2167 Ad
294 2139 453 2167 escam
484 2128 710 2167 hortatur.
745 2126 820 2166 ille
854 2127 938 2165 sed
968 2125 1246 2177 perterritus

192 2197 310 2237 »Vix
340 2209 556 2249 possum»
593 2197 668 2238 ait.
708 2203 930 2249 »putasne
963 2200 1218 2236 venturum
1251 2195 1466 2235 virum&

189 2268 448 2320 [Urbanus2
475 2269 556 2308 »nil
592 2267 816 2309 verearis.
851 2268 1007 2308 fruere
1041 2267 1154 2307 escis
1186 2266 1351 2318 bonis]

187 2339 323 2379 Haud
354 2340 440 2379 has
477 2338 632 2391 [dome]
668 2338 860 2379 delicias
893 2338 1130 2378 invenies»
1170 2338 1261 2378 ait..

190 2410 274 2450 Cui
304 2410 534 2450 rusticus:
559 2409 651 2462 [»tu
684 2409 837 2461 potius
869 2409 939 2449 his
972 2409 1129 2449 fruere
1163 2408 1407 2461 omnibus,]

189 2481 355 2533 [Quem
386 2493 477 2521 non
512 2481 714 2520 deterret
747 2480 908 2520 mortis
938 2483 1193 2531 perpetuus
1225 2479 1392 2532 timor]

117 2566 121 2573 ·
186 2552 261 2592 Me
297 2550 430 2604 [rum]
465 2558 631 2602 pascat
663 2551 799 2601 glans
832 2561 1053 2590 securum
1086 2558 1131 2590 et
1164 2550 1407 2591 liberum».

187 2622 416 2663 Securum
447 2622 493 2662 in
524 2627 804 2673 paupertate
831 2624 1047 2672 praestat
1079 2620 1242 2661 vivere

188 2694 337 2744 Quam
370 2693 634 2733 divitiarum
669 2692 798 2743 carpi
830 2691 1154 2731 sollicitudine.

186 2819 229 2856 in
266 2819 544 2865 qualicunque
579 2819 692 2855 brevi
731 2820 879 2855 casella,
915 2818 1118 2863 glandem
1151 2820 1189 2853 et
1219 2817 1424 2853 hordeum
1455 2816 1671 2853 exhiberet.
1706 2826 1812 2863 ergo
1839 2823 1885 2852 ut

186 2873 228 2909 in
266 2884 300 2908 w
339 2872 457 2909 brevi
486 2872 639 2909 casella
671 2873 728 2908 ita
760 2872 799 2908 in
829 2882 851 2907 a
878 2871 1028 2907 codice
1053 2870 1207 2907 humili
1230 2881 1329 2907 casa
1357 2891 1400 2896 -
1427 2870 1462 2906 si
1489 2875 1633 2906 tamen
1659 2879 1764 2905 vere
1791 2879 1881 2905 cor-
