2152 3229
771 187 860 227 Cap.
887 186 931 217 II.
984 186 1038 217 De
1067 194 1208 226 genere
1235 194 1264 226 φ
1728 181 1869 209 XXXIX

168 292 285 332 libro
333 291 462 332 cuius
509 290 681 331 senarii
718 302 810 330 non
843 289 1046 330 distincti
1079 295 1236 329 essent
1269 287 1482 328 versibus
1514 287 1597 328 sed
1630 287 1869 327 indiscreti

167 362 440 414 scriptione;
491 373 580 402 nec
629 361 779 413 ipsum
827 360 1023 401 scivisse
1072 358 1284 400 senarios
1327 370 1353 398 a
1387 370 1527 410 prosa
1560 357 1771 398 oratione
1805 357 1867 397 di-

166 445 411 484 gnoscere.
460 444 599 484 quem
646 443 735 471 nec
783 432 931 471 verba
971 442 1060 470 nec
1103 429 1313 470 ordinem
1352 429 1606 469 verborum
1638 428 1742 468 ideo
1775 439 1869 468 mu-

166 510 293 544 tasse
326 510 375 544 ut
407 510 608 544 metrum
639 503 915 551 solveretur,
950 501 1034 541 sed
1069 512 1092 540 e
1128 500 1376 550 contrario,
1414 511 1518 539 cum
1542 500 1687 540 verba
1711 505 1869 540 essent

166 581 359 624 mutata,
393 579 558 626 sponte
593 573 768 613 factum
804 583 909 612 esse
942 578 991 612 ut
1025 577 1227 611 metrum
1259 571 1536 610 solveretur.

285 645 357 685 Ac
405 644 604 696 primum
651 643 814 683 fiebat
854 648 909 681 ut
948 642 1118 681 verba
1160 641 1279 692 ipsa
1321 652 1429 680 non
1462 646 1669 680 mutata
1703 640 1869 680 aliter

166 722 351 756 tamen
386 716 812 755 collocarentur,
837 724 945 752 nam
968 712 1091 763 quod
1113 710 1313 751 Phaedri
1339 711 1483 750 verba
1506 710 1569 751 ita
1589 711 1869 761 legebantur

165 786 579 836 recitabanturque
603 791 825 835 tanquam
849 789 1007 823 essent
1030 794 1170 834 prosa
1194 781 1357 832 oratio,
1384 793 1438 821 eo
1462 781 1646 821 facilius
1670 788 1715 821 et
1739 782 1868 832 quasi

166 862 330 908 sponte
378 856 521 896 fiebat
568 862 616 895 ut
654 855 907 894 verborum
940 853 1053 893 ordo
1087 864 1256 904 prosae
1291 851 1490 892 orationi
1526 851 1868 902 quodammodo

166 926 616 967 accommodaretur.
662 925 819 976 itaque
854 925 967 964 ordo
1001 925 1254 964 verborum
1276 923 1382 963 ideo
1406 934 1549 974 saepe
1569 928 1775 963 mutatus
1799 931 1869 963 est

165 1004 214 1038 ut
245 997 432 1049 poetica
465 996 725 1036 traiectio
760 1003 898 1047 atque
934 994 1179 1035 inversio
1213 995 1470 1034 tolleretur.
1505 1000 1553 1033 ut
1586 994 1770 1033 sublata
1799 1000 1868 1034 est

164 1068 394 1111 traiectio
444 1084 466 1108 a
521 1072 583 1108 15.
639 1072 654 1108 1
698 1083 738 1118 p.
773 1079 915 1106 xxxvl
965 1071 1037 1117 qui
1082 1080 1128 1106 se
1167 1069 1373 1106 laudari
1414 1069 1586 1105 verbis
1628 1068 1868 1106 subdolis

164 1144 438 1192 gaudent:
472 1143 544 1190 qui
591 1153 638 1179 se
686 1141 888 1178 laudari
938 1140 1130 1188 gaudent
1177 1140 1354 1177 verbis
1403 1139 1650 1183 subdolis,
1701 1150 1724 1175 a
1765 1140 1801 1176 9.
1844 1144 1866 1176 6

163 1213 202 1262 ρζ
251 1223 361 1250 XXIX
408 1215 531 1251 factis
575 1213 770 1261 partibus
812 1213 874 1249 sic
918 1218 992 1249 est
1031 1213 1235 1249 locutus
1268 1212 1347 1247 leo
1380 1226 1424 1239 Ξ
1458 1211 1519 1247 sic
1554 1218 1628 1246 est
1662 1211 1868 1247 locutus

163 1286 359 1334 partibus
392 1285 516 1322 iactis
549 1285 641 1331 leo,
677 1295 701 1320 a
735 1283 802 1320 26.
843 1284 892 1320 14
926 1294 965 1330 p.
1000 1290 1110 1318 xva
1145 1288 1185 1319 et
1218 1279 1322 1329 pati
1346 1282 1477 1329 quod
1502 1288 1693 1318 natura
1719 1281 1867 1318 dede-

163 1363 240 1394 rat
272 1357 486 1394 voluisses
519 1370 563 1383 z
597 1343 637 1392 et
677 1354 808 1402 quod
843 1360 1027 1390 natura
1061 1353 1278 1390 dederat
1311 1353 1525 1389 voluisses
1558 1353 1676 1399 pati,
1711 1364 1736 1389 a
1770 1354 1807 1389 4.
1849 1354 1861 1389 l

162 1439 202 1475 p.
238 1428 262 1464 3
296 1427 392 1464 Mus
426 1437 510 1474 quo
544 1427 770 1463 transire
802 1430 977 1472 posset
1010 1425 1223 1461 facilius
1254 1424 1414 1460 flumen
1439 1438 1482 1451 z
1507 1434 1602 1460 mus
1626 1435 1709 1471 quo
1733 1430 1866 1461 tran-

164 1499 262 1535 sire
293 1492 471 1545 posset
504 1497 663 1534 flumen
694 1497 921 1542 facilius,
953 1496 1010 1532 ib.
1034 1507 1073 1532 v.
1100 1496 1124 1531 3
1148 1496 1236 1532 lino
1260 1495 1409 1542 alligat
1431 1494 1615 1541 pedem
1638 1496 1868 1542 priorem

164 1571 300 1607 muris
323 1585 367 1598 z
391 1569 617 1617 priorem
643 1569 779 1604 muris
813 1568 961 1614 alligat
994 1567 1082 1603 lino
1114 1566 1307 1613 pedem,
1343 1577 1367 1602 a
1406 1566 1468 1602 13.
1508 1566 1531 1602 4
1565 1577 1603 1613 p.
1640 1567 1664 1603 8
1698 1567 1867 1603 cellam-

164 1652 247 1689 que
281 1641 457 1677 intravit
489 1640 677 1686 plurimo
711 1639 960 1675 refertam
995 1638 1110 1674 cibo
1134 1652 1178 1665 z
1201 1637 1449 1674 refertam
1483 1637 1658 1674 intravit
1681 1638 1868 1684 plurimo

164 1713 318 1748 cellam
368 1711 497 1753 cibo,
548 1711 604 1746 ib.
644 1710 693 1746 10
728 1716 769 1746 at
803 1710 959 1745 miser
992 1709 1222 1745 rusticus
1256 1708 1405 1754 ignota
1437 1707 1625 1754 trepidat
1658 1707 1789 1744 domo
1823 1723 1867 1736 =

163 1790 204 1820 at
237 1783 392 1819 miser
433 1782 581 1827 ignota
624 1781 852 1817 rusticus
885 1779 1071 1826 trepidat
1105 1779 1247 1822 domo,
1283 1790 1305 1814 a
1341 1778 1408 1814 43.
1445 1778 1468 1814 2
1503 1789 1542 1825 p.
1579 1778 1632 1814 32
1669 1779 1868 1815 vicerunt

162 1864 284 1891 oves
331 1859 470 1890 tutae
516 1851 736 1899 praesidio
786 1861 942 1887 canum
975 1865 1019 1877 Ξ
1053 1860 1174 1887 oves
1221 1850 1419 1885 vicerunt
1464 1855 1606 1886 tutae
1646 1849 1867 1896 praesidio

163 1935 333 1969 canum,
368 1935 392 1960 a
426 1923 463 1960 9.
500 1924 522 1959 7
557 1934 596 1970 p.
632 1930 739 1957 xxlx
773 1932 856 1969 ego
889 1922 1075 1968 primam
1108 1921 1209 1957 tollo
1243 1920 1343 1968 quia
1377 1920 1617 1957 nominor
1649 1921 1728 1957 leo
1758 1935 1802 1948 z
1829 1942 1864 1957 .-

163 1996 397 2033 nominor
445 1995 545 2042 quia
595 1995 673 2030 leo
713 1993 745 2029 P
780 1990 1002 2038 (nominor
1034 1993 1243 2038 qnoniam
1277 1993 1340 2029 leo
1375 1991 1572 2037 conieci),
1607 2002 1631 2027 a
1665 1991 1732 2028 31,
1769 1991 1791 2027 9
1826 2003 1864 2038 p.

163 2074 335 2101 xxxvm
379 2066 462 2102 nisi
509 2075 604 2101 esse
646 2070 687 2101 te
730 2065 887 2100 scirem
935 2064 1107 2099 carnis
1153 2073 1294 2099 meae
1339 2062 1543 2109 cupidum
1576 2077 1621 2090 z
1654 2062 1737 2099 nisi
1771 2072 1866 2099 esse

162 2137 320 2173 scirem
371 2136 540 2173 carnis
588 2142 629 2172 te
676 2134 881 2181 cupidum
920 2145 1079 2177 meae,
1121 2145 1144 2170 a
1185 2134 1251 2170 44.
1289 2133 1311 2169 9
1352 2144 1390 2180 p.
1433 2133 1486 2169 34
1526 2133 1697 2180 roganti
1731 2133 1864 2170 hosti

164 2212 341 2244 nostro
385 2207 662 2243 manubrium
711 2205 911 2242 dedimus
953 2220 997 2233 z
1030 2187 1163 2241 hosti
1212 2205 1383 2251 roganti
1440 2210 1617 2240 nostro
1666 2203 1865 2241 dedimus

163 2277 459 2324 manubrium3
506 2288 530 2313 a
579 2277 647 2314 58.
693 2277 715 2313 6
755 2287 795 2323 p.
832 2276 884 2312 43
918 2275 995 2312 sed
1030 2286 1128 2312 cum
1160 2275 1462 2312 venerimus
1496 2274 1555 2310 ad
1588 2275 1865 2322 praesepia

162 2358 346 2395 vespere
378 2362 421 2374 Ξ
455 2347 531 2383 sed
571 2358 669 2383 cum
706 2347 1007 2383 venerimus
1040 2356 1228 2393 vespere
1257 2345 1316 2382 ad
1350 2346 1644 2392 praesepia,
1681 2356 1701 2381 r
1732 2345 1792 2381 IV
1825 2346 1862 2382 6.

168 2418 217 2455 12
252 2429 291 2465 p.
328 2418 380 2454 66
416 2417 548 2464 digne
582 2428 754 2454 sumus
788 2418 972 2454 laniati
1006 2417 1203 2464 singuli
1239 2417 1292 2453 ab
1326 2427 1411 2453 uno
1445 2431 1488 2443 z
1522 2416 1654 2463 digne
1680 2417 1864 2457 laniati

163 2499 334 2526 sumus
368 2489 421 2524 ab
455 2498 540 2524 uno
573 2488 782 2534 singuli,
816 2499 838 2524 r
869 2488 884 2524 Ι
923 2488 986 2524 19.
1027 2488 1075 2524 12
1111 2499 1149 2535 p.
1188 2487 1239 2524 62
1275 2487 1510 2524 humanis
1543 2487 1751 2523 artibus
1774 2488 1864 2534 qui-

162 2561 244 2597 bus
277 2560 373 2607 capi
404 2559 621 2606 possimus
654 2573 698 2587 z
730 2559 887 2605 quibus
921 2557 1120 2595 artibus
1153 2559 1371 2605 possimus
1404 2558 1640 2594 humanis
1675 2558 1782 2604 capi.
1809 2577 1861 2580 ——

162 2626 255 2666 iam
293 2626 478 2665 sublata
519 2635 582 2665 est
620 2625 837 2665 inversio
877 2640 901 2665 a
946 2629 1008 2665 17.
1059 2628 1107 2665 12
1149 2640 1189 2676 p.
1231 2629 1279 2665 lO
1314 2629 1537 2665 dominum
1571 2629 1750 2665 introire
1785 2629 1863 2664 cui

163 2701 396 2738 occurrit
428 2700 622 2737 velocius
655 2714 700 2728 Ξ
730 2699 952 2736 dominum
977 2699 1169 2735 introire.
1195 2700 1427 2736 occurrit
1451 2700 1530 2735 cui
1555 2699 1761 2739 velocius,
1786 2710 1826 2734 w
1849 2699 1864 2734 I

166 2772 202 2808 9.
236 2782 276 2818 p.
313 2771 364 2807 47
414 2776 512 2808 sunt
563 2765 665 2818 [alii]
718 2781 845 2817 quos
885 2770 1133 2806 malorum
1175 2770 1316 2816 tetigit
1348 2770 1477 2806 timor
1509 2784 1553 2797 Ξ
1587 2775 1627 2804 et
1660 2769 1732 2804 alii
1766 2774 1864 2805 sunt

164 2843 415 2878 malorum
449 2852 576 2888 quos
609 2841 751 2888 tetigit
783 2841 924 2877 timor.

281 2907 377 2947 Iam
424 2914 623 2947 metrum
671 2919 814 2958 saepe
857 2908 1056 2946 solutum
1091 2913 1160 2946 est
1193 2918 1297 2945 non
1330 2906 1521 2945 ordine
1556 2905 1650 2945 sed
1682 2917 1747 2945 ve
1763 2906 1861 2945 rbo
