2152 3229
825 188 914 229 Cap.
942 188 987 219 ΙΙ.
1039 189 1094 220 De
1120 199 1262 229 genere
1290 199 1318 231 (ρ
1827 188 1919 214 XXV

223 290 435 330 Phaedro
478 290 774 331 continentur
813 292 1009 343 abrupit,
1045 304 1150 332 cum
1184 304 1353 343 magno
1389 293 1603 333 editionis
1636 305 1748 333 suae
1784 292 1919 333 detri-

223 368 380 401 mento
428 362 548 401 hanc
596 362 720 402 viam
773 363 1091 403 restituendae
1140 363 1429 403 recensionis
1468 364 1507 403 R
1540 363 1623 403 sibi
1656 364 1755 415 ipse
1789 375 1919 415 prae-

225 431 373 472 clusit.
420 433 503 472 sed
541 444 633 473 non
672 439 742 473 est
775 433 919 473 nostri
952 433 1177 485 propositi
1209 434 1297 473 hoc
1332 434 1599 484 singillatim
1632 435 1919 486 perquirere.

225 515 374 554 neque
425 503 546 543 enim
594 504 683 543 hoc
728 504 843 544 libro
882 503 927 543 id
966 505 1147 554 agimus
1180 511 1228 544 ut
1262 516 1431 555 corpus
1465 502 1573 544 illud
1607 511 1701 545 tam
1737 512 1920 545 vastum

225 574 347 625 quod
395 580 579 614 constat
627 575 982 614 collectionibus
1030 585 1058 615 a
1089 586 1131 615 w
1165 586 1189 615 P
1233 587 1578 625 recenseamus,
1626 576 1708 615 sed
1754 576 1797 615 in
1831 577 1920 616 hac

225 656 370 696 opera
413 647 557 685 multo
604 645 781 684 minore
820 656 1065 685 versamur
1104 652 1152 684 ut
1193 645 1376 685 fabulas
1410 646 1635 696 quasdam
1669 647 1857 697 generis
1890 662 1921 698 cp

225 716 436 756 Phaedro
471 716 773 756 vindicemus.
1853 722 1857 727 ’

342 834 656 874 Transeamus
688 834 826 885 igitur
860 835 918 874 ad
950 846 1125 885 genus
1158 849 1203 885 cp.
1238 835 1294 874 de
1330 846 1419 886 quo
1454 835 1661 886 pluribus
1690 835 1923 886 disputan-

225 905 332 944 dum
366 912 448 945 est.

342 976 621 1016 Phaedrus
660 978 870 1016 solutus
911 978 984 1017 vel
1024 977 1214 1016 brevius
1252 992 1284 1028 φ
1324 988 1349 1016 a
1384 977 1517 1017 nobis
1555 976 1737 1027 dicitur,
1773 977 1810 1016 si
1851 976 1923 1016 cui

225 1046 410 1087 fabulae
445 1058 473 1088 a
495 1058 537 1088 w
561 1058 584 1088 Ρ
617 1054 684 1087 tot
718 1054 763 1087 et
796 1054 890 1087 tam
922 1055 1052 1087 certa
1075 1047 1276 1098 vestigia
1300 1047 1623 1087 Phaedrianae
1649 1049 1725 1087 vel
1749 1047 1921 1087 versifi-

227 1118 423 1159 cationis
462 1119 537 1158 vel
576 1118 790 1158 dictionis
823 1118 1050 1170 impressa
1085 1126 1190 1158 sunt
1225 1125 1271 1158 ut
1306 1131 1398 1158 non
1431 1119 1568 1158 modo
1601 1118 1748 1170 possit
1781 1119 1923 1158 Phae-

225 1189 307 1228 dro
341 1189 566 1229 vindicari
600 1189 682 1229 sed
716 1189 855 1229 etiam
889 1196 1086 1229 metrum
1120 1187 1362 1241 pristinum
1396 1201 1567 1240 magna
1601 1202 1659 1229 ex
1692 1197 1824 1240 parte
1858 1201 1924 1229 re-

225 1260 364 1300 stitui.
415 1271 695 1311 quamquam
743 1261 830 1300 hoc
874 1268 1118 1311 utrumque
1154 1261 1211 1300 ad
1245 1260 1367 1299 idem
1400 1259 1532 1307 redit,
1567 1260 1688 1311 quod
1722 1260 1924 1309 fabulae,

227 1342 345 1382 quae
396 1331 581 1382 quidem
629 1331 764 1371 bodie
798 1344 890 1371 non
928 1331 1020 1371 iam
1055 1338 1215 1371 extent
1248 1331 1292 1370 in
1328 1331 1568 1371 codicibus
1600 1331 1801 1371 Phaedri
1834 1343 1925 1370 non

227 1402 376 1453 soluti,
425 1403 579 1442 nullae
628 1409 845 1454 poterunt
895 1402 1107 1442 Phaedro
1155 1401 1382 1441 vindicari
1427 1402 1512 1441 nisi
1546 1410 1746 1442 metrum
1779 1409 1926 1441 totum

227 1480 306 1513 aut
338 1485 511 1523 magna
545 1485 602 1512 ex
635 1480 767 1524 parte
803 1473 888 1513 erit
922 1475 1198 1513 restitutum.

344 1543 415 1584 De
463 1544 626 1595 quibus
669 1545 809 1584 rebus
854 1544 1139 1597 disserentes
1178 1544 1530 1595 proficiscemur
1569 1544 1626 1583 ab
1666 1543 1720 1583 iis
1759 1543 1927 1583 fabulis

228 1627 346 1666 quae
392 1621 553 1654 extant
594 1615 732 1654 etiam
766 1615 811 1654 in
850 1612 899 1655 Φ.
942 1615 1238 1654 conferendis
1278 1614 1400 1654 enim
1438 1614 1690 1665 generibus
1732 1613 1769 1652 Φ
1810 1621 1854 1654 et
1895 1629 1926 1665 φ

227 1686 487 1726 videbimus
526 1693 571 1725 et
610 1686 840 1737 quomodo
876 1692 1078 1736 cognata
1111 1686 1200 1725 sint
1235 1692 1279 1725 et
1314 1685 1421 1737 quid
1454 1685 1736 1736 discrepent.
1774 1685 1927 1725 confe-

190 1778 192 1780 ν
227 1768 383 1797 remus
415 1757 554 1807 igitur
586 1757 748 1796 harum
783 1756 1087 1796 recensiones
1120 1771 1151 1807 φ
1186 1763 1231 1796 et
1266 1755 1304 1794 Φ
1334 1756 1610 1796 fabularum.

345 1836 457 1868 nota
495 1843 545 1883 φὶ
585 1827 816 1878 significat
849 1827 1110 1867 Phaedrum
1145 1839 1201 1866 ex
1235 1834 1368 1878 parte
1403 1828 1619 1877 solutum,
1655 1842 1706 1881 (1⁷2
1740 1826 1927 1866 omnino

228 1901 442 1940 solutum.

879 2037 1276 2083 GRAGVLVS.

514 2129 538 2154 a
568 2115 616 2151 26
646 2117 737 2167 (τρι).

229 2212 283 2238 ne
315 2202 445 2238 libeat
473 2201 652 2247 gloriari
677 2211 892 2248 quemque
915 2200 1040 2236 bonis

348 2273 501 2309 alienis
521 2279 529 2288 ·

230 2343 320 2379 suis
354 2343 456 2390 quin
488 2354 528 2390 p.
562 2343 712 2379 vivere
745 2343 890 2388 malle3

232 2627 423 2664 Tumens
454 2626 572 2662 inani
601 2625 811 2672 gragulus
840 2625 1044 2671 superbia

185 2704 204 2733 5
230 2708 396 2745 pennas
417 2707 634 2744 pavonum
659 2706 769 2743 quae
791 2695 1045 2732 deciderant

349 2768 520 2804 sustulit

233 2849 365 2886 seque
411 2838 566 2875 exinde
603 2838 773 2875 ornavit
798 2844 804 2849 '
827 2842 1051 2883 contemp-‘

351 2920 458 2946 nenS
492 2920 605 2946 SUOS.

1416 2092 1624 2152 ΦΪ3Ρ

1115 2198 1177 2235 Ne
1211 2199 1389 2245 gloriari
1423 2199 1555 2235 libeat
1588 2199 1741 2235 alienis
1774 2198 1899 2234 bonis

1115 2351 1279 2387 suoque
1326 2341 1467 2387 potius
1515 2340 1663 2376 habitu
1696 2340 1830 2376 vitam
1861 2339 1930 2375 de-

1234 2418 1364 2458 gere·

1117 2493 1302 2530 aesopus
1324 2482 1449 2519 nobis
1472 2483 1552 2518 hoc
1571 2483 1815 2528 exemplum
1835 2491 1930 2527 pro-

1235 2553 1361 2595 didit:

1117 2631 1288 2661 tumens
1327 2625 1444 2661 inani
1478 2625 1690 2670 gragulus
1724 2623 1930 2669 superbia

1117 2705 1282 2741 pennas
1324 2679 1482 2741 pavoni
1529 2705 1639 2742 quae
1679 2693 1931 2730 deciderant

1236 2766 1418 2802 sustulit.

1117 2846 1250 2883 seque
1284 2836 1534 2872 exornavit·
1555 2834 1712 2871 deinde
1742 2840 1928 2871 contem-

1236 2916 1342 2943 nens
1375 2917 1489 2943 suos.
