2152 3229
191 161 282 188 XLII
903 157 1180 197 Prolegomena

190 271 514 313 adversarium,
572 268 634 304 11.
682 267 784 314 quia
833 266 903 303 ille
949 265 1033 302 sibi
1082 266 1243 302 famam
1276 264 1478 301 diminuit
1510 264 1584 312 qui
1618 273 1664 300 se
1697 263 1892 311 indignis

192 346 415 388 comparat
448 355 491 367 Ξ
525 339 610 375 sibi
644 338 804 374 famam
837 337 992 373 minuit
1024 336 1097 383 qui
1131 346 1178 372 se
1211 334 1405 382 indignis
1438 339 1680 381 comparat;
1715 345 1740 371 a
1773 334 1840 371 37.
1867 334 1891 371 3

188 424 226 459 p.
279 411 332 448 2¹2
381 412 454 458 qui
622 408 863 446 transeunti
915 406 1081 444 tardius
1130 406 1247 443 dedit
1288 406 1405 442 viam
1438 420 1483 433 Ξ
1515 405 1619 452 quia
1651 406 1892 443 transeunti

187 483 357 520 tardius
391 481 575 518 dederat
607 480 739 525 viam,
775 479 830 515 ib.
867 479 890 515 4
926 479 997 515 vix
1031 478 1169 525 inquit
1202 488 1271 514 me
1303 482 1430 513 teneo
1452 481 1498 513 ut
1520 487 1606 513 non
1628 481 1669 512 te
1692 486 1892 523 rumpam

192 554 386 590 calcibus
434 567 478 580 Ξ
527 552 598 588 vix
647 550 784 598 inquit
828 555 980 586 teneor
1011 549 1115 596 quin
1148 553 1189 584 te
1222 558 1423 594 rumpam
1457 546 1663 593 calcibus,
1699 546 1754 583 ib.
1790 546 1815 583 8
1848 552 1895 583 ut

189 624 297 660 vidit
345 624 505 659 asinus.
555 622 629 658 tali
678 629 777 657 eum
811 621 947 657 irrisit
978 619 1114 656 verbo
1147 634 1192 647 Ξ
1224 624 1270 655 ut
1301 617 1409 655 vidit
1443 617 1591 654 asinus
1623 617 1728 654 talia
1762 617 1896 654 irrisit

191 696 383 741 loquens,
419 693 474 730 ib.
511 693 534 729 9
567 692 671 740 quid
703 692 780 729 tibi
814 691 1005 739 gloriose
1037 689 1257 737 quondam
1289 689 1480 736 phaleris
1502 703 1547 716 =
1569 687 1672 736 quid
1705 688 1895 735 gloriose

192 765 410 813 quondam
443 763 632 811 phaleris
658 757 875 811 [profitit];
910 773 935 798 a
968 762 1036 799 38.
1069 761 1092 798 3
1116 772 1155 808 p.
1183 760 1236 798 24
1262 760 1512 807 vespertilio
1536 758 1691 796 dubios
1715 764 1895 796 eventus

193 837 351 873 timens
383 851 427 863 Ξ
461 830 594 883 [tunc]
628 833 878 881 vespertilio
911 833 1065 869 dubios
1099 837 1278 868 eventus
1311 831 1480 877 timens,
1516 830 1571 867 ib.
1608 830 1631 866 6
1667 830 1710 866 in
1741 840 1896 884 pacem

196 918 293 944 curn
327 906 542 943 redissent
588 905 816 952 pristinam
849 919 893 932 z
926 905 970 940 in
1010 914 1164 950 pacem
1201 898 1343 950 [sessi]
1380 912 1478 938 cum
1511 900 1726 938 redissent
1756 901 1896 948 pristi-

195 989 314 1022 nam;
365 989 388 1013 a
434 976 501 1013 39.
548 976 597 1012 10
638 986 677 1023 p.
714 975 767 1012 26
802 979 1031 1021 acceptore
1065 972 1285 1011 co'ntracto
1317 973 1438 1009 visco
1471 972 1514 1008 in
1546 978 1707 1008 terram
1741 971 1897 1008 deiecit

133 1084 135 1086 .
195 1048 522 1095 :accipitrem
571 1051 733 1083 tactum
780 1045 901 1082 visco
948 1045 992 1081 in
1039 1050 1201 1081 terram
1253 1043 1416 1089 deiicit;
1467 1054 1491 1079 a
1540 1043 1608 1079 40.
1663 1043 1712 1079 19
1758 1054 1797 1089 p.
1840 1042 1895 1079 28

194 1126 352 1167 pastor.
402 1118 592 1155 serviam
639 1117 715 1154 tibi
750 1121 790 1153 et
821 1116 1011 1153 tribuam
1043 1114 1248 1162 quicquid
1282 1114 1472 1151 volueris
1505 1128 1549 1142 z
1583 1118 1729 1161 pastor
1766 1113 1892 1150 »tibi>›

195 1191 332 1237 inquit
389 1190 601 1226 »tribuam
655 1187 861 1235 quicquid
910 1187 1145 1232 volueris»,
1195 1197 1218 1222 a
1265 1186 1332 1222 43.
1377 1186 1401 1222 8
1445 1196 1483 1232 p.
1530 1184 1597 1221 32.
1648 1190 1742 1231 post
1789 1195 1896 1231 pace

195 1262 306 1298 facta
361 1261 481 1297 irrita
530 1275 574 1287 Ξ
622 1254 792 1307 [verum
847 1253 960 1306 lupi]
1010 1263 1105 1304 post
1153 1267 1305 1304 pacem
1354 1256 1492 1293 iecere
1539 1255 1719 1300 irritam,
1771 1255 1826 1291 ib.
1872 1255 1895 1291 9

197 1339 403 1379 ceperunt
437 1342 613 1378 carpere
646 1346 689 1358 Ξ
724 1324 948 1378 [Gregem]
983 1334 1218 1376 coeperunt
1252 1338 1433 1374 carpere
1467 1322 1632 1375 [ovium
1662 1321 1896 1374 caedibus],

196 1403 251 1440 ib.
314 1404 362 1439 10
415 1403 530 1439 nullo
580 1402 811 1438 exsistente
865 1401 1094 1437 defensore
1143 1414 1187 1427 z
1235 1399 1351 1435 nullo
1415 1398 1624 1434 existente
1668 1397 1897 1434 defensore

197 1470 360 1523 [ovium
417 1468 557 1520 ctmeJ]
607 1485 631 1509 a
672 1473 738 1509 44.
782 1473 805 1509 4
846 1483 883 1519 p.
935 1471 987 1508 32
1037 1472 1224 1508 oleastro
1258 1470 1476 1507 iusserunt
1509 1474 1653 1506 cetera
1685 1483 1730 1496 -—-
1762 1469 1897 1505 oleas-

195 1551 308 1582 trum
348 1540 556 1593 [lz'gmtm]
598 1544 814 1580 iusserunt
848 1537 984 1591 [dare]
1020 1547 1201 1587 ceterae,
1237 1541 1291 1577 ib.
1328 1541 1352 1577 8
1387 1552 1425 1588 p.
1461 1540 1514 1577 34
1549 1539 1682 1587 digne
1715 1544 1755 1576 et
1787 1539 1897 1575 iuste

196 1617 383 1663 patimur
423 1631 466 1643 z
505 1610 641 1663 [llaec]
691 1614 823 1661 digne
872 1619 913 1650 et
957 1613 1067 1650 iuste
1116 1608 1255 1660 [tanta
1305 1606 1436 1660 nnnc]
1486 1611 1674 1658 patimur
1723 1605 1895 1659 [mala];

197 1699 220 1724 a
254 1689 321 1724 51.
362 1688 411 1723 14
447 1699 483 1734 p.
520 1687 573 1723 34
610 1686 811 1722 iubentur
843 1684 1039 1721 homines
1072 1683 1228 1720 adduci
1263 1683 1305 1720 in
1339 1682 1495 1720 medio.
1530 1682 1588 1718 ait
1610 1682 1749 1719 maior
1770 1697 1815 1710 Ξ
1838 1681 1897 1717 iu-

195 1760 352 1795 bentur
399 1758 595 1795 homines
640 1757 739 1793 duci
788 1757 829 1793 in
875 1755 1083 1792 medinm.
1126 1755 1382 1801 interrogat,
1423 1754 1479 1790 ib.
1520 1753 1569 1790 18
1602 1752 1823 1800 respondit
1855 1752 1897 1788 hi

196 1837 294 1866 sunt
334 1829 512 1866 comites
544 1828 603 1865 tui
637 1843 681 1856 -—·
714 1827 952 1874 respondit:
995 1826 1059 1863 »hi
1092 1831 1191 1863 sunt
1224 1820 1420 1873 [nobiles]
1446 1824 1625 1861 comites
1648 1824 1752 1870 tui»,
1782 1823 1832 1860 19
1858 1828 1898 1860 et

196 1901 296 1948 quia
344 1900 563 1937 mendatio
612 1899 810 1935 laudatus
859 1903 921 1934 est
961 1909 1058 1934 curn
1091 1897 1217 1934 turba
1250 1907 1327 1933 sua
1360 1911 1405 1923 Ξ
1437 1895 1665 1932 mendacio
1698 1894 1897 1931 laudatus

198 1983 295 2008 cum
342 1972 468 2008 turba
517 1981 607 2015 sua,
656 1969 711 2007 ib.
763 1969 816 2006 26
868 1976 908 2005 at
956 1968 1027 2004 ille
1074 1967 1146 2015 qui
1185 1977 1359 2014 semper
1390 1966 1618 2003 veritatem
1653 1965 1826 2002 amabat
1858 1970 1899 2001 et

195 2043 310 2090 loqui
361 2047 646 2079 consueverat
678 2055 722 2069 =
754 2040 825 2087 qui
874 2050 1027 2076 verum
1078 2038 1251 2075 amabat
1285 2043 1325 2074 et
1357 2037 1471 2084 loqui
1507 2041 1806 2079 consueverat,
1840 2035 1896 2072 ib.

198 2114 250 2151 ‘27
286 2113 519 2160 respondit.
554 2118 597 2149 tu
632 2123 677 2149 es
709 2122 813 2148 vere
846 2111 997 2147 simius
1030 2124 1074 2137 z
1107 2109 1356 2156 respondit:
1382 2103 1477 2156 »[et]
1511 2113 1555 2145 tu
1579 2118 1625 2144 es
1649 2102 1770 2155 [ipse]
1794 2116 1898 2142 vere

197 2186 390 2232 simiiis»3
426 2196 450 2220 a
484 2184 551 2220 58.
588 2184 610 2220 2
646 2195 684 2230 p.
721 2183 772 2219 42
807 2182 992 2218 libenter
1024 2181 1161 2228 inquit
1193 2180 1229 2217 si
1262 2190 1435 2227 possem
1458 2194 1502 2207 Ξ
1527 2173 1709 2227 [Equus]
1741 2177 1897 2214 »liben-

196 2263 285 2293 ter»
339 2256 475 2303 inquit
528 2255 587 2291 :ssi
626 2264 799 2301 possem
834 2248 986 2301 Uihil»,
1021 2252 1076 2289 ib.
1113 2252 1136 2288 3
1172 2257 1212 2288 et
1244 2262 1321 2298 pro
1354 2250 1564 2297 dignitate
1598 2254 1744 2286 nostra
1775 2249 1899 2294 large

196 2327 433 2364 tribuerem
467 2341 511 2354 :-
544 2337 621 2372 pro
655 2325 864 2372 dignitate
896 2328 1044 2361 nostra
1076 2324 1199 2369 large
1231 2322 1482 2367 tribuerem,
1517 2320 1572 2357 ib.
1609 2321 1632 2356 6
1663 2325 1703 2356 et
1725 2320 1896 2356 asellus.

197 2398 268 2445 qui
317 2408 410 2434 rem
450 2403 536 2433 tam
571 2407 751 2443 parvam
785 2406 922 2442 negas
954 2409 999 2422 Ξ
1033 2394 1192 2430 asellus
1226 2397 1403 2431 contra:
1429 2391 1525 2439 »qui
1558 2401 1651 2428 rem
1684 2396 1772 2427 tam
1805 2400 1898 2437 par-

198 2480 297 2505 vam
335 2478 515 2515 negas›>;
550 2479 571 2504 a
608 2467 675 2504 60.
712 2467 735 2503 2
770 2477 808 2513 p.
846 2466 897 2502 42
933 2464 1090 2501 deinde
1123 2463 1283 2500 saliens
1317 2462 1567 2500 dixit'ideo
1599 2472 1668 2498 me
1701 2461 1821 2498 ocius
1854 2475 1898 2488 =

198 2535 292 2587 {illi}
328 2539 427 2575 inde
460 2539 620 2575 saliens
652 2537 774 2575 dixit:
820 2536 942 2573 »ideo
975 2546 1044 2572 me
1077 2535 1240 2581 ocius»,
1276 2534 1330 2571 ib.
1367 2534 1391 2571 3
1425 2533 1479 2570 ad
1501 2539 1663 2570 terram
1687 2532 1820 2569 mitto.
1844 2542 1898 2568 ne

197 2616 239 2647 te
272 2610 445 2647 atritum
479 2620 660 2657 gravem
693 2623 738 2637 Ξ
771 2608 825 2644 ad
853 2613 1014 2644 terram
1039 2606 1173 2649 mitto,
1197 2617 1251 2642 ne
1276 2600 1398 2653 [iam]
1422 2610 1463 2642 te
1488 2604 1679 2641 attritum
1702 2612 1896 2649 gravem,

200 2693 224 2718 a
259 2682 326 2717 65.
367 2681 410 2717 11
450 2692 487 2727 p.
510 2681 562 2716 44
596 2680 697 2727 quia
730 2684 774 2715 tu
807 2678 1020 2725 penitebis
1053 2677 1231 2714 sceleris
1263 2676 1323 2713 tui
1356 2691 1400 2704 τε
1435 2668 1692 2723 [ignoscam]
1725 2672 1826 2720 quia
1858 2678 1899 2708 te

199 2752 388 2799 paenitet
410 2751 588 2788 sceleris
612 2751 686 2795 tui,
707 2751 761 2787 ib.
788 2750 836 2786 12
857 2760 994 2796 usque
1013 2748 1115 2785 dum
1135 2747 1312 2784 cicatrix
1335 2745 1537 2783 clauserit
1556 2760 1600 2773 z
1620 2738 1897 2792 [sedvnlnus]

199 2833 335 2869 usque
380 2822 481 2858 dum
529 2822 705 2858 cicatrix
751 2820 966 2865 clauserit,
1013 2819 1062 2855 15
1096 2830 1195 2855 nam
1229 2817 1361 2854 redeo
1394 2823 1536 2853 tecum
1570 2815 1612 2851 in
1646 2814 1832 2861 gratiam
1855 2827 1899 2841 =

200 2904 388 2940 namque
422 2888 514 2940 [ital
549 2892 697 2930 redibo
730 2898 872 2928 tecum
907 2884 1169 2939 [antiquam]
1195 2889 1237 2925 in
1261 2887 1466 2936 gratiam;
1494 2906 1545 2909 ·—-
1565 2897 1605 2922 w
1628 2885 1643 2921 Ι
1668 2886 1705 2921 4.
1736 2886 1751 2921 1
1779 2896 1817 2931 p.
1845 2884 1897 2920 46
