2152 3229
214 1379 251 1406 w

213 1734 251 1762 Ῑῖ)

278 129 333 168 20
838 143 984 175 Phaedri
1012 144 1122 175 soluti
1148 144 1284 176 fabulae
1311 143 1417 176 xxx

278 243 444 279 vellem
476 242 566 279 istis
601 243 743 280 verbis
776 244 927 280 saltem
961 244 1199 281 adinvz'sess
1231 245 1372 282 modo.
1406 267 1450 270 ——
1483 248 1518 282 6.
1546 247 1624 283 sub
1658 250 1747 284 atnz
1780 248 1978 295 suspicor

279 298 410 333 latere
437 298 675 341 utrumqne,
700 296 815 343 quod
833 298 1041 334 sententia
1061 298 1262 345 postulat.
1282 319 1325 323 —
1343 300 1377 336 ’7.
1395 298 1677 336 semianimus
1693 317 1725 330 m
1747 305 1778 337 Φ
1798 300 1813 336 Ι
1831 302 1864 337 9.
1882 301 1917 338 8.
1933 321 1975 326 -

276 352 310 385 9.
338 348 512 385 concidit
537 350 621 385 iam
649 349 810 386 BURMAN
826 361 831 386 :
848 350 987 386 cecidit
1014 362 1047 387 a.
1076 351 1126 387 cf.
1155 354 1187 387 Φ
1213 350 1272 387 IV
1297 351 1330 388 7.
1357 351 1390 397 7,
1416 351 1455 387 V
1479 353 1501 387 7
1525 352 1584 397 (ὁ).
1608 353 1642 398 7,
1670 364 1763 400 app.
1789 354 1822 390 6.
1853 354 1905 391 16.
1931 375 1977 380 —

277 406 310 439 7.
341 402 510 447 [cecidit
533 402 826 448 senu'am'mns'j
857 409 896 440 et
922 403 1140 449 confestim
1166 407 1228 440 est
1256 407 1462 441 mortuus.
1489 405 1538 442 cf.
1566 404 1709 452 Nepos
1729 405 1787 442 IV
1804 407 1837 443 5.
1856 408 1889 444 5.
1908 407 1977 444 hie

278 466 372 491 cum
400 455 665 492 semianimis
692 456 744 492 de
770 457 929 503 templo
957 457 1093 493 elatus
1119 462 1242 503 esset,
1269 457 1487 503 confestim
1515 457 1708 495 animam
1735 458 1906 505 efflavit.

646 627 679 666 (ρ
712 608 795 653 IX.
860 613 978 654 a35.
1044 608 1178 654 LEO
1212 608 1299 653 ET
1332 608 1612 655 PASTOR.

281 731 374 770 Leo
409 741 572 769 errans
604 729 784 781 spinam
819 730 1023 770 calcavit

278 809 323 842 ct
356 801 462 841 ilico
495 801 554 841 ad
586 807 825 852 pastorem
859 801 1009 841 cauda
1042 801 1286 841 blandiens
1320 801 1464 853 venit3

279 872 363 912 Cui
396 872 482 911 ait·
517 871 620 911 Non
652 871 951 923 perturberis.
986 872 1223 912 Auxilium

279 956 307 983 a
337 950 383 983 te
416 943 612 993 imploro
645 954 737 982 non
770 942 956 993 indigeo
988 954 1123 983 esca·

280 1014 521 1053 Sublatum
553 1012 752 1053 hominis
784 1013 936 1065 posuit
968 1013 1014 1053 in
1047 1013 1225 1064 gremio
1258 1014 1453 1065 pedem·

279 1085 444 1125 Pastor
476 1084 657 1136 spinam
691 1084 863 1124 exemit
896 1085 1040 1135 pede·
1076 1084 1213 1125 Redit
1246 1085 1291 1125 in
1326 1084 1471 1125 silvas
1503 1086 1590 1126 leo.

282 1156 387 1196 Post
421 1155 578 1195 autem
609 1162 771 1206 pastor
804 1154 922 1195 falso
955 1155 1196 1196 incusatur
1230 1156 1449 1196 crimine·

277 1226 336 1266 Et
366 1226 486 1266 ludis
519 1226 742 1277 proximis
776 1226 958 1266 emissis
990 1226 1152 1266 bestiis
1184 1226 1431 1278 proicitur·

278 1297 456 1337 Passim
489 1297 597 1337 dum
630 1297 895 1337 discurrunt
928 1297 1082 1337 ferae·
1119 1297 1311 1348 agnovit
1343 1299 1417 1338 leo

279 1368 355 1419 qui
388 1368 540 1408 fuerat
572 1367 883 1408 medicinatus
917 1368 992 1419 qui
1024 1367 1205 1419 pridem
1238 1367 1405 1409 fuerat.

280 1438 521 1479 Sublatum
555 1450 715 1479 rursus
746 1438 924 1490 pastori
956 1439 1085 1490 ponit
1117 1439 1159 1479 in
1198 1440 1378 1490 gremio
1412 1440 1605 1491 pedem·

279 1582 397 1621 haec
431 1593 515 1620 rex
548 1588 596 1621 ut
630 1581 853 1632 cognovit
875 1614 882 1621 .
906 1615 912 1621 .

278 1651 402 1691 leoni
434 1650 565 1691 iussit
598 1652 728 1703 parci
762 1660 807 1692 et
840 1659 1137 1693 mansuetum

278 1729 516 1774 pastorem
550 1722 716 1763 dimitti
748 1723 1048 1774 parentibus·

397 1850 623 1886 Adnotatio.
675 1851 720 1885 V.
749 1852 784 1885 8.
836 1850 1001 1886 emissis
1028 1861 1052 1886 a
1074 1862 1080 1886 :
1103 1850 1284 1886 emissus
1309 1850 1465 1886 Tummz.
1493 1871 1538 1875 —
1565 1851 1609 1885 V.
1637 1851 1695 1886 12.
1725 1850 1843 1886 deest
1869 1850 1912 1886 in
1939 1860 1982 1895 a;

278 1903 475 1949 supplevi
502 1913 580 1949 per
606 1903 912 1948 coniecturam,
932 1903 1099 1939 collatis
1127 1904 1220 1940 aliis
1247 1903 1372 1940 huius
1400 1903 1462 1939 rei
1491 1903 1823 1940 narrationibus.
1852 1924 1894 1928 -
1922 1904 1982 1939 13.

279 1956 380 1992 lmec
407 1956 544 1992 a:lmc
569 1955 715 1992 Namn-
742 1961 782 1992 et
807 1956 952 1992 TJHELE
978 1962 1198 2003 tamquam
1226 1957 1434 2003 scriptum
1461 1957 1503 1992 in
1532 1968 1566 1992 a.
1594 1977 1637 1980 —
1664 1957 1722 1992 13.
1751 1967 1824 1992 rex
1849 1967 1884 1992 a.
1910 1956 1982 2004 qui

276 2009 474 2055 princeps
500 2010 567 2045 vel
593 2009 826 2056 imperator
853 2009 905 2045 ab
933 2009 1106 2046 homine
1132 2009 1330 2046 Romano
1359 2010 1533 2056 quidem
1560 2009 1705 2046 debuit
1724 2009 1980 2056 nuncupari;

279 2063 534 2109 praesertim
561 2073 658 2099 cum
678 2063 784 2098 haec
802 2062 969 2099 Romae
988 2068 1110 2109 gesta
1131 2073 1227 2099 esse
1247 2068 1397 2099 auctor
1415 2063 1478 2108 sit,
1498 2063 1532 2099 si
1553 2073 1637 2099 non
1657 2062 1826 2099 Seneca
1844 2062 1981 2098 benef.

281 2116 316 2152 II
353 2116 405 2153 19.
435 2116 450 2151 1
486 2137 530 2141 —
563 2116 688 2153 huius
721 2116 835 2152 enim
868 2116 1002 2152 verba
1036 2127 1086 2152 ea
1121 2116 1306 2153 fortasse
1341 2116 1394 2152 ad
1423 2116 1551 2152 aliam
1578 2126 1671 2151 rem
1698 2115 1912 2162 pertinent
1938 2135 1981 2140 -

281 2175 322 2205 at
347 2169 492 2216 Apion
520 2169 633 2216 apud
661 2168 846 2206 Gellium
874 2169 913 2205 V
937 2169 988 2205 14.
1008 2180 1086 2206 nec
1106 2179 1211 2205 vero
1230 2169 1452 2206 Phaedrus
1473 2169 1549 2205 fuit
1568 2178 1729 2215 genere
1748 2167 1983 2213 Romanus,

279 2222 356 2259 sed
383 2222 605 2259 libertinus
632 2222 826 2267 Macedo,
853 2228 977 2259 natus
1008 2228 1133 2269 atque
1161 2222 1369 2258 educatus
1397 2223 1437 2258 in
1465 2221 1617 2258 Pieria.
1638 2222 1708 2268 qui
1729 2232 1826 2258 cum
1845 2222 1980 2268 plera-

281 2286 363 2322 que
389 2282 478 2312 tum
506 2275 689 2312 fortasse
716 2276 826 2311 hanc
854 2275 1148 2311 narrationem
1177 2285 1200 2310 a
1228 2273 1399 2311 Graeco
1427 2275 1609 2322 sumpsit
1629 2280 1816 2312 auctore.
1837 2284 1979 2321 quam-

603 2479 636 2518 φ
668 2463 727 2508 X.
794 2468 910 2508 a36.
974 2463 1071 2508 CV
1074 2462 1210 2508 LEX
1244 2462 1330 2508 ET
1364 2463 1666 2509 TAVRVS.

282 2587 429 2627 Culex
464 2596 569 2624 cum
602 2591 788 2625 taurum
820 2591 1129 2636 provocasset
1162 2584 1357 2635 viribus;

282 2663 513 2697 venerunt
546 2655 703 2707 populi
737 2656 893 2696 cuncti
927 2663 975 2696 ut
1008 2657 1283 2707 spectacula
1318 2663 1568 2696 cernerent

282 2728 411 2767 Tunc
445 2738 619 2778 parvus
654 2728 815 2766 culex·

284 2798 407 2839 Satis
437 2797 583 2849 inquit
614 2798 767 2837 habeo
803 2798 925 2849 quod
959 2797 1130 2838 venisti
1164 2797 1451 2837 comminus·

238 2879 256 2907 Γ»
282 2868 461 2908 Parvus
494 2868 575 2907 tibi
607 2868 761 2908 factus
793 2879 894 2908 sum
930 2867 1098 2908 iudicio
1134 2874 1212 2908 tuo
