2152 3229
271 113 476 140 LXXXVIII
980 113 1259 153 Prologomena

274 231 384 258 vero
420 218 571 257 fructu
606 218 693 257 hae
728 216 1050 257 Phaedrianae
1089 216 1317 256 vindiciae
1351 223 1568 267 poterant
1602 218 1677 268 agi
1707 230 1794 258 nec
1832 229 1969 269 quae-

271 289 358 329 stio
408 289 525 328 haec
574 288 794 328 universa
840 287 1078 338 explicari,
1120 287 1227 338 quia
1261 287 1464 327 nondum
1496 295 1693 328 venerat
1726 288 1973 328 maturitas

270 359 493 410 temporis
518 392 524 398 .
550 371 657 398 nam
682 371 817 398 nemo
843 371 929 398 nec
955 359 1197 398 BURMANNJ
1221 370 1307 398 nec
1333 358 1583 397 MUELLERI
1607 365 1764 398 aetate
1788 358 1973 399 fabulas

271 430 506 481 prosarias
538 430 707 469 latinas
731 429 1077 480 antiquissimas
1100 428 1499 481 pervestigatione
1524 434 1847 479 perscrutatus
1870 435 1971 469 erat

272 508 349 541 aut
398 500 595 540 scientia
643 501 1080 551 comprehenderat,
1132 511 1268 539 nemo
1303 511 1480 550 genera
1514 499 1775 539 fabularum
1810 511 1971 539 earum

271 572 455 623 penitus
490 579 795 621 cognoverat,
830 583 966 610 nemo
991 572 1047 610 de
1071 571 1124 610 iis
1148 570 1411 610 instituerat
1435 570 1702 610 accuratius
1726 582 1970 622 quaerere,

271 656 358 682 nec
407 649 455 682 ut
504 642 822 682 Phaedrianas
871 644 928 682 ab
979 642 1143 681 alienis
1193 648 1237 681 et
1278 641 1426 681 dubiis
1459 641 1765 691 discerneret,
1800 652 1889 680 nec
1922 646 1971 680 ut

271 715 391 754 inter
444 713 763 753 Phaedrianas
819 713 1119 764 dignosceret
1170 724 1251 752 eas
1300 724 1493 763 quarum
1542 719 1741 751 metrum
1789 711 1971 752 restitui

272 792 430 836 posset
479 786 536 825 ab
584 784 671 824 illis
719 796 915 835 quarum
950 791 1110 835 posset
1145 785 1269 823 nullo
1304 784 1454 823 modo.
1500 789 1638 834 atque
1674 782 1828 832 etiam,
1865 793 1969 822 cum

273 868 435 895 omnes
468 856 553 895 has
586 855 822 907 prosarias
857 855 1039 894 fabulas
1073 867 1130 895 ex
1154 854 1353 894 Phaedri
1376 854 1609 894 thesauris
1634 866 1738 893 esse
1762 859 1974 904 sumptas

273 927 606 974 existimarent,
665 927 762 966 sine
817 927 909 966 ullo
958 925 1224 966 discrimine
1274 925 1456 965 fabulas
1502 924 1820 964 Phaedrianas
1866 935 1971 963 cum

270 1010 360 1037 non
395 998 698 1037 Phaedrianis
732 998 1127 1038 contaminabant.
1162 1004 1209 1036 ut
1243 996 1441 1036 ‘sscRMAN
1474 1008 1515 1047 p.
1551 995 1635 1035 388
1670 1002 1715 1035 et
1739 995 1972 1035 ML‘ELLER

270 1081 312 1120 p.
347 1069 402 1109 92
436 1068 641 1109 fabulam
676 1070 732 1108 de
766 1081 883 1120 pace
920 1069 1075 1108 ovium
1110 1075 1155 1108 et
1189 1070 1402 1119 luporum
1437 1079 1462 1106 a
1497 1068 1550 1107 43
1583 1068 1718 1118 (quae
1744 1073 1813 1106 est
1837 1065 1972 1105 huius

269 1140 372 1179 libri
420 1140 509 1180 XV
558 1152 598 1191 p.
642 1140 697 1179 33¹2
731 1142 815 1191 sq.)
866 1140 1206 1191 interpolarunt
1256 1139 1441 1178 insertis
1474 1138 1631 1178 verbis
1665 1138 1721 1177 de
1756 1149 1778 1176 r
1811 1136 1868 1176 ΙΙΙ
1908 1136 1970 1187 13,

271 1223 390 1263 quae
439 1218 507 1251 est
556 1211 743 1251 diversa
788 1211 996 1251 eiusdem
1032 1210 1293 1260 argumenti
1326 1210 1497 1260 fabula,
1533 1221 1624 1248 non
1656 1208 1855 1248 Phaedri
1889 1207 1973 1247 sed

271 1283 327 1321 de
360 1282 449 1321 alio
484 1282 610 1322 fonte
636 1282 776 1322 ducta
802 1315 808 1321 .
835 1282 968 1333 quid?
988 1282 1123 1332 quod,
1146 1293 1251 1320 cum
1271 1280 1454 1320 fabulas
1472 1292 1565 1320 non
1582 1279 1903 1319 Phaedrianas
1927 1278 1970 1317 in

271 1353 481 1393 senarios
515 1353 795 1403 coegissent,
822 1365 903 1392 eas
927 1353 1109 1392 fabulas
1133 1359 1370 1404 tamquam
1394 1350 1593 1391 Phaedri
1617 1350 1862 1390 ediderunt
1888 1382 1895 1389 .
1920 1355 1970 1388 ut

270 1424 505 1463 LUCIANL's
538 1423 773 1463 MUELLER
806 1435 846 1474 p.
882 1424 937 1463 90
970 1423 1289 1463 narrationem
1325 1423 1380 1462 de
1413 1424 1549 1462 leone
1582 1420 1809 1461 Androcli
1832 1422 1971 1471 (quae

272 1502 340 1534 est
374 1495 507 1535 huius
540 1495 644 1534 libri
677 1494 768 1534 fab.
802 1494 880 1533 IX)
918 1495 976 1534 ad
1009 1494 1328 1534 Phaedrianos
1360 1493 1570 1533 senarios
1592 1492 1807 1542 redigere
1834 1502 1970 1531 cona-

269 1573 355 1615 tus,
405 1578 494 1606 non
545 1565 751 1605 fabulam
801 1577 827 1605 a
875 1566 944 1615 35,
994 1577 1112 1616 quae
1162 1572 1230 1605 est
1264 1564 1558 1604 Phaedriana
1591 1563 1750 1603 fabula
1783 1561 1973 1613 generis

271 1652 335 1687 (p1,
386 1637 468 1676 sed
517 1649 538 1676 r
571 1636 627 1676 III
681 1637 714 1686 l,
762 1648 1043 1687 quamquam
1099 1642 1168 1675 est
1219 1642 1263 1675 et
1312 1648 1338 1675 a
1383 1635 1597 1674 Phaedro
1632 1634 1785 1674 aliena
1817 1644 1971 1683 neque

270 1719 490 1758 umquam
538 1707 698 1747 vincta
748 1714 848 1747 erat
894 1701 1059 1753 metio
1100 1706 1345 1746 materiam
1379 1705 1571 1756 sumpsit
1606 1705 1650 1744 in
1685 1716 1775 1756 qua
1807 1703 1974 1743 iambis

270 1786 507 1829 tamquam
541 1778 846 1818 Phaedrianis
879 1778 1204 1818 concludenda
1239 1778 1518 1817 elaboraret.
1554 1782 1599 1816 et
1634 1775 1740 1827 quia
1768 1774 1971 1814 nondum

271 1850 702 1889 animadverterant
751 1861 854 1888 esse
902 1848 1164 1888 fabularum
1211 1847 1610 1887 Phaedrianarum
1657 1845 1972 1897 prosariarum

271 1921 360 1959 duo
412 1932 587 1971 genera
634 1921 834 1969 diversa,
884 1931 1024 1959 unum
1064 1919 1296 1959 Phaedri
1331 1918 1497 1958 soluti
1532 1920 1666 1969 (quas
1698 1928 1783 1956 nos
1815 1916 1973 1956 littera

271 2006 300 2041 (s
352 1993 599 2041 notamus),
650 2003 845 2042 quarum
893 1998 1093 2031 metrum
1142 1996 1297 2041 potest
1332 1988 1512 2029 restitui
1547 1988 1970 2040 quadamtenus;

271 2063 470 2101 alterum
494 2061 864 2113 paraphrasis,
885 2073 1004 2112 quae
1028 2062 1131 2113 plus
1154 2061 1326 2101 distant
1346 2072 1372 2100 a
1389 2060 1603 2100 Phaedro
1623 2071 1761 2110 quam
1779 2065 1827 2098 ut
1845 2057 1973 2098 resti-

270 2133 334 2172 tui
366 2133 543 2184 possint
578 2133 751 2185 antiqui
787 2133 957 2173 senarii
982 2134 1116 2183 (quas
1139 2131 1321 2172 fabulas
1343 2144 1428 2171 nos
1450 2145 1482 2170 π
1500 2131 1655 2171 littera
1679 2130 1971 2179 denotamus,

271 2205 327 2243 de
364 2216 452 2254 quo
486 2215 661 2254 genere
692 2215 733 2255 p.
758 2216 819 2243 xv
845 2210 890 2243 et
913 2216 1005 2243 xxii
1030 2203 1263 2253 diximus):
1288 2202 1340 2242 iis
1364 2201 1614 2253 generibus
1637 2202 1889 2241 utebantur
1911 2200 1971 2239 in—

271 2274 486 2314 discretis
536 2281 675 2326 atque
728 2274 965 2315 confusis.
991 2286 1080 2325 quo
1127 2273 1302 2313 iactum
1333 2279 1402 2313 est
1438 2280 1485 2313 ut
1522 2271 1707 2312 fabulas
1735 2271 1972 2323 prosarias

272 2346 466 2385 edentes
499 2358 598 2385 rem
633 2346 845 2386 criticam
879 2345 965 2385 rite
1001 2357 1227 2385 exercere
1262 2356 1351 2384 non
1387 2350 1591 2395 possent,
1628 2343 1758 2383 cuius
1789 2343 1858 2382 rei
1881 2341 1971 2382 adi-

270 2423 367 2456 tum
400 2416 484 2456 sibi
517 2416 603 2468 ipsi
636 2418 991 2468 praecluserant
1024 2416 1100 2455 vel
1133 2415 1286 2466 potius
1320 2415 1503 2465 aperire
1537 2416 1860 2465 neglexerant.

391 2487 646 2527 BURMANNO
676 2487 854 2527 crimini
882 2499 973 2526 non
1002 2487 1204 2526 dandum
1230 2492 1299 2526 est
1319 2486 1440 2536 quod
1459 2484 1630 2525 senarii
1649 2485 1747 2525 eius
1765 2483 1974 2524 metricis

272 2557 451 2597 mendis
483 2564 667 2598 scatent
693 2591 699 2598 .
725 2558 960 2597 Locmxtss
994 2558 1115 2597 enim
1145 2557 1381 2597 MUELLER
1410 2557 1628 2608 princeps
1656 2555 1722 2595 rei
1746 2553 1970 2595 metricae

272 2628 471 2668 Phaedri
490 2629 851 2679 cognoscendae
877 2628 974 2668 fuit.
1000 2629 1226 2668 LUDoviffl
1243 2640 1357 2667 vero
1376 2628 1562 2667 HAVETI
1580 2625 1853 2666 Parisiensis
1870 2626 1974 2665 laus

274 2706 343 2738 est
378 2699 560 2750 penitus
585 2699 865 2749 cognovisse
885 2707 1023 2751 atque
1049 2699 1320 2751 exposuisse
1339 2697 1734 2738 versificationem
1756 2695 1971 2735 Phaedri-

273 2805 344 2826 non
371 2797 524 2826 multum
552 2803 739 2827 mutantes
760 2797 1037 2836 descripserunt
1057 2797 1227 2827 pumma
1246 2797 1413 2827 (Parisiis
1434 2796 1586 2834 Grange
1610 2795 1711 2825 1748)
1731 2800 1766 2825 et
1787 2794 1972 2824 Dassssm-:R

273 2854 425 2894 ¹Lipsiae
456 2855 556 2891 1562,
584 2856 676 2886 Bibl.
704 2856 858 2891 Teubn.)
