2152 3229
771 182 860 214 Fab.
888 181 1005 212 XXV.
1057 181 1134 212 Leo
1162 186 1340 220 tyrannus
1844 167 1898 205 57

205 287 356 329 parent
389 282 552 328 gradus
585 283 938 329 interpolationis.
966 283 1007 318 in
1044 286 1075 318 Φ
1101 288 1164 318 est
1195 282 1301 318 Cum
1327 292 1371 317 se
1386 281 1588 326 serarum
1615 292 1758 326 regem
1775 281 1898 326 secis-

203 338 265 371 set
289 335 350 371 leo
380 335 434 371 Et
459 335 680 381 aequitatis
706 335 1017 380 zelletfizmam
1044 334 1248 380 consequi,
1274 334 1372 371 inde
1392 335 1433 370 in
1452 347 1491 380 (p,
1511 341 1555 370 ut
1574 341 1637 371 est
1656 335 1697 371 in
1716 345 1767 376 w,
1791 334 1899 370 Cum

202 398 247 424 se
261 387 462 433 serarum
490 399 633 433 regem
649 388 821 434 jecisset
847 387 1141 433 [fortissimus]
1171 387 1231 423 leo
1258 390 1296 423 et
1321 387 1542 433 aequitatis
1557 387 1735 432 famam
1761 398 1898 423 eonse-

203 440 278 486 qui
312 442 442 486 [more
473 443 639 487 regum]
675 441 805 478 vellet.
840 442 936 477 hinc
965 441 1182 487 proiectus
1209 451 1230 476 r
1255 446 1475 487 postremo
1502 441 1563 476 sic
1591 440 1761 487 scripsit
1791 440 1898 476 Cum

201 493 284 530 sibi
295 494 420 539 serae
446 505 589 539 regem
607 494 810 540 fecissent
824 494 1114 540 fortissimum
1142 493 1313 535 leonem,
1339 493 1473 529 voluit
1496 493 1563 529 ille
1588 503 1727 529 mores
1745 504 1898 537 regum

202 547 311 583 bona
327 546 458 592 sama
485 547 688 593 consequi.
732 547 941 583 Romulus
961 547 1092 593 igitur
1109 547 1243 582 verba
1262 546 1445 582 Phaedri
1464 546 1670 592 primaria
1690 547 1897 592 ignorans

203 606 244 636 et
275 600 531 636 secundaria
562 601 881 647 interpolatoris
915 600 1048 635 verba
1081 600 1355 645 interpolans,
1390 599 1443 634 ad
1476 599 1582 635 haec
1616 599 1898 635 deliramenta

202 663 460 700 progressus
494 660 556 689 est
588 660 633 689 ut
660 653 821 689 diceret
847 663 991 689 mores
1018 662 1172 698 regum
1200 662 1297 687 cum
1324 652 1436 688 bona
1463 652 1578 688 fama
1604 662 1777 698 semper
1803 661 1898 687 esse

203 707 465 751 coniunctos,
485 711 525 742 et
544 716 687 742 mores
708 716 758 742 ex
777 706 891 741 bona
910 706 1024 741 fama
1042 704 1269 751 profluere,
1290 715 1387 740 cum
1406 704 1520 740 bona
1540 705 1653 740 fama
1672 704 1897 751 proveniat

202 770 225 794 a
254 759 456 795 moribus.

318 811 536 848 Versuum
564 811 734 858 quidem
763 810 856 846 2-7
883 810 1065 846 Phaedri
1093 821 1178 847 non
1206 810 1331 847 soluti
1360 811 1494 846 verba
1521 821 1618 846 cum
1638 810 1782 846 fabula
1801 820 1896 856 pro-

200 865 315 901 saria
329 865 425 900 licet
441 875 706 910 comparare.
718 874 768 900 ex
782 874 865 910 quo
877 863 1074 900 videmus
1087 863 1305 910 quomodo
1319 864 1508 900 narratio
1521 868 1552 900 Φ
1563 864 1604 900 in
1617 878 1645 910 φ
1658 868 1820 899 mutata
1833 863 1895 898 sit.

201 928 250 953 ac
278 917 463 963 primum
491 917 687 953 videmus
714 916 1066 963 paraphrasin,
1094 917 1135 953 id
1163 924 1225 953 est
1253 916 1446 953 eiusdem
1474 917 1536 953 rei
1564 917 1698 952 verba
1717 916 1894 951 variata.

199 975 243 1006 ut
275 981 312 1005 v.
339 971 362 1006 5
386 975 466 1016 pro
496 969 612 1006 tenui
634 969 720 1006 cibo
747 970 1053 1016 paraphrastes
1080 970 1250 1016 scripsit
1275 969 1365 1005 sine
1389 969 1603 1014 sanguine
1628 969 1895 1009 ez'bunz,item

197 1035 236 1060 v.
272 1025 295 1059 4
323 1024 505 1060 fortasse
534 1034 665 1060 causa
692 1023 883 1059 mutandi
911 1023 987 1059 iuit
1013 1023 1200 1059 studium
1231 1023 1458 1059 varietatis.
1487 1033 1566 1058 nec
1594 1033 1697 1058 vero
1726 1024 1894 1068 penitus

199 1082 352 1113 cuncta
378 1077 567 1113 mutavit.
596 1078 738 1124 itaque
765 1088 802 1113 v.
830 1077 851 1112 4
875 1076 1089 1122 prioribus
1109 1106 1114 1112 .
1132 1106 1138 1112 .
1158 1076 1497 1112 consuetudinem
1525 1076 1679 1112 similia
1696 1081 1794 1112 sunt
1813 1076 1894 1111 illis

193 1129 375 1175 pristina
413 1129 708 1166 consuetuditu‘
741 1136 780 1165 et
808 1141 844 1165 v.
871 1131 894 1165 5
921 1132 1136 1165 contentus
1162 1129 1247 1166 cibo
1274 1129 1552 1176 paraphrasis
1579 1129 1762 1170 retinuit,
1792 1129 1893 1164 nihil

198 1182 311 1218 enim
344 1183 423 1219 nisi
452 1184 684 1230 scriptione
710 1183 846 1218 eibum
874 1193 913 1218 W
941 1194 964 1218 a
990 1182 1076 1218 cibo
1106 1187 1136 1218 Φ
1163 1182 1315 1218 differt,
1345 1204 1386 1207 -—
1415 1193 1567 1218 versus
1596 1187 1738 1218 autem
1765 1182 1787 1217 6
1815 1189 1854 1217 et
1873 1182 1894 1216 7

197 1242 426 1282 propterea
462 1237 660 1273 videntur
696 1246 790 1272 esse
824 1236 971 1272 mutati
1006 1236 1121 1282 quod
1153 1236 1286 1272 verba
1325 1235 1508 1272 Phaedri
1536 1246 1619 1271 non
1648 1236 1750 1271 satis
1778 1236 1893 1270 intel-

196 1290 304 1325 lecta
343 1296 450 1326 sunt.
487 1290 660 1326 addita
693 1296 798 1326 suntv
816 1289 921 1325 haec
950 1289 1002 1325 ab
1030 1290 1364 1336 interpolatore:
1388 1300 1425 1325 v.
1457 1289 1479 1324 2
1498 1288 1778 1333 fortissimus,
1807 1299 1843 1324 v.
1871 1288 1894 1324 3

200 1352 317 1377 more
342 1353 506 1386 regum,
534 1343 617 1378 ullo
646 1342 903 1380 ‹wnmllum
930 1343 1177 1387 legendum)
1201 1348 1329 1389 pecus
1355 1342 1525 1378 lcu‘ciere.

314 1394 571 1431 Pristinae
598 1396 1012 1432 versificationis
1040 1397 1167 1432 etiam
1194 1396 1235 1432 in
1263 1396 1342 1432 hac
1363 1396 1560 1442 quamvis
1579 1396 1833 1442 interpolata
1854 1403 1893 1431 et

195 1447 364 1484 turbata
392 1449 535 1485 fabula
562 1454 703 1485 tamen
732 1449 874 1485 insunt
901 1455 1017 1485 certa
1045 1450 1239 1495 vestigia.
1267 1455 1311 1485 ut
1338 1450 1519 1485 laciniae
1537 1449 1830 1486 senariorum:
1852 1449 1893 1484 14

221 1531 251 1537 ..
278 1501 345 1537 ille
370 1512 468 1537 vero
495 1501 753 1545 cinnamum,
783 1503 824 1538 17
853 1533 882 1539 ..
908 1513 997 1538 sese
1010 1502 1144 1548 finxit
1168 1502 1434 1546 languidum.
1463 1502 1565 1539 illud
1590 1513 1694 1538 vero
1716 1502 1892 1538 maioris

196 1560 258 1590 est
291 1555 495 1591 momenti
525 1556 639 1602 quod
666 1556 822 1592 senarii
853 1556 974 1603 quasi
1002 1562 1153 1602 sponte
1180 1556 1371 1598 redeunt,
1398 1557 1489 1592 sive
1516 1557 1682 1603 expleta
1710 1562 1773 1592 est
1800 1567 1891 1591 ora-

195 1607 252 1643 tio
279 1608 370 1644 sive
397 1614 582 1654 purgata
608 1609 1020 1656 interpolationibus.
1040 1616 1083 1645 ut
1102 1611 1305 1656 expleta
1323 1610 1518 1646 oratione
1534 1611 1558 1646 8
1575 1610 1742 1646 Mutare
1763 1609 1888 1655 [quia]

194 1671 278 1696 non
301 1661 437 1707 potuit
462 1664 664 1697 naturam
694 1663 861 1707 [suam],
891 1662 933 1698 12
961 1661 1054 1707 [Ibi]
1083 1662 1327 1698 laniabatur
1353 1665 1398 1698 ut
1422 1665 1692 1698 saturaretur
1721 1662 1823 1708 [leo],
1850 1663 1892 1698 16

197 1714 310 1759 [Leo]
339 1717 437 1751 tune
462 1715 626 1751 erubuit
651 1715 914 1752 laluiatorem
941 1715 1102 1751 laedere
1133 1715 1411 1760 (laudatorem
1439 1719 1485 1751 ut
1502 1715 1680 1751 laederet
1697 1727 1748 1759 w,
1769 1716 1889 1751 salvo

194 1773 357 1804 metro).
392 1789 433 1792 —
469 1769 553 1804 iam
594 1770 829 1804 oratione
867 1775 1087 1815 purgata
1125 1769 1618 1815 interpolationibus
1649 1769 1672 1805 ¹2
1708 1769 1814 1805 Cum
1847 1780 1891 1805 se

184 1819 386 1864 serarum
414 1832 557 1866 regem
573 1821 744 1866 fl‘cisset
772 1822 1056 1867 [fortissimus]
1086 1822 1146 1858 leo
1173 1832 1215 1858 >
1248 1822 1353 1858 Cum
1379 1822 1639 1867 seferarum
1667 1833 1810 1865 regem
1826 1822 1890 1867 fe-

191 1872 312 1909 cisset
329 1873 400 1919 leo,
421 1875 441 1910 7
460 1874 782 1920 Postlea]quam
801 1875 954 1911 habere
970 1875 1100 1921 eoepit
1121 1875 1187 1921 [de
1204 1876 1314 1912 hanc
1335 1877 1394 1921 re]
1413 1875 1686 1922 penitentiam
1708 1886 1749 1912 >
1770 1876 1887 1912 Post-

191 1937 321 1971 quam
347 1927 492 1963 labare
517 1927 647 1974 coepit
668 1927 936 1974 paenitentia,
960 1928 984 1964 3
1009 1931 1046 1964 et
1072 1928 1519 1974 aequ[it]atzs*lamam
1538 1929 1735 1974 consequi
1754 1930 1889 1974 [more

191 1980 359 2025 regum]
388 1980 509 2016 vellet
534 1990 579 2018 >
606 1981 663 2017 Et
688 1981 910 2027 aequitates
936 1982 1056 2018 vellet
1071 1981 1248 2027 fizmam
1275 1983 1479 2028 consequi,
1508 1984 1552 2019 15
1569 1982 1676 2018 olere
1695 1982 1798 2018 dixit
1819 1983 1885 2028 [et]

191 2032 316 2076 quasi
337 2033 512 2069 deorum
540 2034 695 2070 altaria
723 2046 765 2072 >
797 2035 914 2071 Olere
940 2035 1043 2071 delw't
1060 2035 1186 2081 quasi
1201 2036 1374 2071 deorum
1394 2036 1561 2078 altaria,
1578 2035 1625 2072 ⁴3⁴2
1643 2035 1780 2072 cilnun
1803 2037 1887 2081 [ali—

192 2088 331 2131 quem]
360 2086 402 2122 in
429 2087 605 2132 quietem
634 2089 701 2134 [et]
731 2089 804 2134 qui
831 2088 896 2134 [ei]
927 2088 1359 2134 lez*[ar]etflzstidium
1386 2098 1431 2126 >
1463 2089 1610 2125 Cibum
1637 2089 1679 2125 in
1699 2089 1888 2134 quietem,

192 2137 265 2183 qui
301 2138 405 2175 levet
431 2140 673 2184 fastidium.
706 2153 858 2178 versus
894 2148 1036 2178 autem
1067 2143 1089 2178 9
1122 2143 1163 2178 in
1191 2153 1230 2178 w
1256 2142 1314 2178 Et
1338 2142 1468 2189 eoepit
1493 2143 1640 2179 ‹tztcere
1664 2142 1706 2178 in
1733 2145 1886 2178 secreto

189 2190 385 2236 singulos
410 2203 495 2229 non
521 2205 651 2231 verus
678 2201 741 2231 est
767 2197 963 2231 senarius
989 2195 1300 2236 Phaedrianus2
1329 2196 1451 2232 aliter
1477 2197 1590 2232 enim
1618 2196 1888 2232 conformata

190 2250 288 2280 sunt
328 2249 359 2281 Φ
398 2245 454 2281 ΠΙ
491 2246 524 2282 3.
562 2247 584 2282 7
622 2247 702 2284 Hic
737 2248 1033 2294 pertinerffad
1063 2249 1224 2285 domini
1257 2249 1477 2296 respondit
1510 2255 1646 2296 caput,
1675 2249 1731 2284 ΠΙ
1761 2249 1814 2284 10.
1845 2250 1883 2285 11

190 2296 401 2334 Seductus
428 2299 469 2334 in
497 2302 759 2336 secretunfa
786 2301 939 2338 liberto
959 2312 1048 2345 suo,
1068 2302 1084 2337 I
1103 2302 1135 2338 4.
1154 2302 1177 2337 4
1194 2302 1425 2349 Aliamque
1443 2302 1726 2348 praedanfab
1747 2303 1881 2338 altero

190 2350 291 2386 ferri
318 2357 471 2397 putans
499 2352 643 2396 (altero
671 2354 821 2400 ‹pzalio
847 2354 906 2399 P),
933 2370 962 2402 φ
989 2354 1087 2391 §LXI
1105 2355 1148 2391 ‚⁴2
1176 2356 1302 2402 [[p.45>
1322 2355 1505 2403 Semper
1524 2356 1751 2392 venirffad
1772 2367 1885 2392 men-

189 2404 327 2440 sulam
355 2411 651 2442 consueverat.

308 2456 396 2492 Iam
431 2457 643 2494 dictioni
676 2458 859 2495 Phaedri
894 2461 1098 2498 aetatisve
1132 2461 1427 2498 Phaedrianae
1462 2462 1616 2498 similia
1654 2463 1694 2498 in
1721 2462 1801 2498 hac
1829 2462 1884 2498 ia-

188 2509 288 2546 bula
321 2521 416 2546 cum
455 2512 588 2547 multa
620 2518 716 2548 sunt
743 2518 831 2548 turn
859 2513 987 2549 etiam
1013 2514 1130 2550 haec.
1186 2514 1232 2551 V.
1262 2515 1277 2550 1
1306 2518 1574 2557 tormentum,
1601 2517 1650 2553 ci.
1680 2520 1711 2552 Φ
1737 2515 1753 2551 Ι
1779 2516 1836 2552 26.
1863 2516 1885 2552 9

188 2565 350 2608 torquet
387 2565 615 2600 convivam
653 2565 777 2611 fame,
818 2565 873 2601 III
915 2566 967 2602 14.
1001 2567 1022 2602 7
1055 2567 1123 2603 ille
1162 2578 1208 2603 se
1234 2570 1395 2613 torquet
1427 2569 1510 2613 diu,
1543 2569 1603 2605 IV
1627 2569 1683 2605 20.
1714 2570 1756 2605 17
1783 2569 1885 2615 quid

188 2621 330 2652 mente
357 2627 487 2652 caeca
515 2617 720 2654 miserum
747 2621 913 2663 torques
939 2619 1158 2665 spiritum?
1184 2641 1230 2645 ———
1256 2620 1310 2657 ib.
1334 2626 1471 2667 poena
1491 2638 1534 2650 Ξ
1555 2623 1781 2666 cruciatus,
1801 2629 1882 2658 tor-

188 2677 377 2705 mentum
404 2687 435 2700 ω
463 2674 494 2706 Φ
521 2681 613 2717 app.
640 2672 673 2706 5.
704 2671 746 2706 14
771 2670 899 2707 Tristi
926 2672 1002 2715 (sic
1030 2682 1112 2718 ego
1129 2684 1135 2708 :
1152 2673 1283 2709 trzstis
1308 2673 1401 2716 NV>
1421 2680 1617 2710 renatum
1638 2685 1881 2721 suggerens

183 2726 345 2767 poenae
376 2723 505 2768 iecur,
535 2723 714 2760 Ovidius
747 2723 847 2760 Her.
874 2724 906 2760 7.
937 2724 1003 2760 135
1036 2724 1232 2772 Cumque
1258 2733 1436 2772 parente
1462 2738 1540 2763 sua
1568 2728 1700 2763 frater
1728 2729 1881 2764 morie-

186 2780 255 2810 tur
281 2774 369 2821 Iuli,
398 2775 627 2823 Poenaque
654 2787 841 2813 conexos
869 2777 1032 2814 auferet
1058 2788 1143 2814 una
1171 2778 1289 2822 duos,
1316 2778 1483 2815 Seneca
1511 2790 1573 2826 ep.
1600 2781 1632 2815 5.
1659 2781 1682 2815 ἶ)
1708 2781 1881 2826 frugali-

185 2833 315 2864 tatem
343 2828 473 2874 exigit
498 2829 780 2876 philosophia,
807 2840 892 2866 non
916 2835 1111 2876 poenam.
1131 2852 1175 2855 —
1192 2832 1216 2867 S
1234 2838 1400 2868 mutare
1418 2843 1503 2868 non
1523 2833 1657 2879 potuit
1676 2836 1880 2870 naturam

186 2898 217 2910 ω
243 2895 271 2927 φ
298 2880 451 2918 XXVI.
482 2883 496 2918 1
528 2882 739 2919 Naturam
768 2888 933 2929 turpem
962 2884 1077 2919 nulla
1104 2884 1274 2920 fortuna
1301 2885 1474 2931 obtegit,
1496 2889 1527 2921 Φ
1545 2896 1639 2932 app.
1662 2886 1714 2923 18.
1745 2887 1759 2923 1
1785 2886 1880 2924 Ser-
