2152 3229
794 157 882 197 Cap.
910 157 955 188 II.
1008 156 1065 187 De
1093 165 1236 196 genere
1263 165 1291 197 (p
1821 153 1896 180 LIII

196 261 375 303 bendi.
418 272 463 302 ut
505 276 529 302 a
563 265 630 303 26.
666 266 690 303 8
725 262 781 312 (p.
808 261 934 310 XXVI)
962 265 1233 312 imprudenti
1254 262 1517 311 (impudenti
1536 260 1600 310 Ρ),
1627 263 1650 299 9
1684 264 1897 300 nntltatns

197 338 430 381 (mulcatus
462 333 526 383 P),
561 347 585 373 a
616 336 652 374 9.
684 336 729 372 11
759 332 814 383 (p.
840 333 965 381 xx1x)
989 347 1071 373 51111
1097 333 1205 381 (sola
1229 331 1295 381 P),
1321 346 1345 371 a
1369 334 1436 372 32.
1467 335 1511 371 11
1543 331 1599 381 (p.
1619 331 1778 380 xxxin)
1803 346 1897 372 con-

198 412 341 446 tentus
375 405 622 455 (conceptus
654 403 719 453 P),
754 417 778 443 a
812 406 879 443 22.
916 407 939 442 4
975 403 1030 453 (p.
1065 403 1224 450 xxxiv)
1260 410 1505 442 mutassent
1534 403 1763 451 (vitassent
1782 402 1846 451 Ρ),
1872 405 1895 441 6

198 480 412 517 incertum
447 476 630 525 (inerme
661 475 724 524 Ρ),
760 489 783 514 3
822 478 884 514 15.
921 477 944 513 2
972 475 1026 523 (p.
1053 473 1210 522 XXXVI)
1230 482 1403 523 pennas
1427 474 1605 523 (poenas
1629 476 1694 517 P·,
1721 473 1745 511 6
1768 477 1899 523 vigor

200 548 333 597 (nitor
364 545 430 597 P),
451 561 476 586 a
514 550 577 587 18.
618 549 667 585 14
704 545 760 595 (p.
791 544 859 585 14)
886 549 1064 594 mugire
1087 544 1257 594 (rugire
1279 557 1312 593 r,
1337 558 1498 593 rngere
1519 543 1577 587 w)
1601 578 1606 583 .
1629 547 1680 584 cf.
1712 546 1898 583 >Silviae

198 621 469 668 Aquitanae»
520 619 746 666 Peregrin.
799 619 867 665 57,
904 619 971 663 65,
1008 618 1060 654 66
1096 617 1266 664 rugitus
1301 622 1343 653 et-
1373 617 1636 663 nmgitus.a
1672 617 1738 654 38.
1776 617 1797 652 7
1841 614 1895 664 (p.

200 689 270 739 24)
301 692 476 738 decepta
512 686 691 737 (detecta
725 699 808 736 ego
841 688 1022 735 conieci,
1058 688 1173 724 idem
1206 693 1300 734 post
1332 698 1402 724 me
1426 687 1506 723 TH.
1533 687 1676 731 BIRT›‚
1703 698 1725 723 a
1751 688 1817 724 65.
1848 688 1898 723 15

200 760 254 809 (p.
292 759 362 807 44)
395 761 738 808 gratamfidem
775 755 1015 806 (integram
1036 759 1176 806 fidem
1210 755 1408 804 conieci),
1443 770 1482 794 w
1516 758 1567 794 III
1600 758 1637 795 2.
1675 758 1698 794 3
1734 755 1789 805 (p.
1826 756 1898 803 50)

194 836 354 880 parato
403 825 463 868 W¹
515 828 658 878 (prato
713 822 804 876 w2),
881 830 934 866 20
984 830 1141 867 melius
1180 827 1423 875 (medicus),
1474 840 1513 865 w
1565 829 1601 864 V
1650 829 1687 866 2.
1739 829 1792 865 20
1843 826 1898 876 (p.

199 901 270 949 54)
322 902 456 940 tantis
499 902 654 940 venius
704 899 896 946 (tentatis
943 901 1063 938 venis
1096 900 1424 947 scripsi1tactis
1455 912 1494 937 v.
1530 897 1804 945 POSTGATE),
1850 900 1899 935 16

199 975 281 1012 erit
325 985 366 1010 W
415 971 606 1019 (erubuit
641 969 693 1018 r),
729 972 782 1008 26
818 973 967 1019 rapuit
1000 970 1189 1019 (rapitur
1223 971 1308 1008 iam
1341 968 1618 1016 POSTGATE),
1657 982 1692 1006 w
1726 971 1767 1006 V
1801 972 1837 1008 Ο.
1874 972 1898 1007 3

201 1042 256 1092 (p.
314 1041 385 1090 58)
440 1045 586 1081 thoros
642 1041 765 1089 (toris
818 1040 1005 1089 scripsi).
1055 1053 1077 1079 r
1126 1042 1143 1079 Ι
1195 1042 1257 1079 19.
1315 1043 1359 1078 11
1405 1040 1460 1089 (p.
1519 1039 1589 1087 60)
1646 1054 1816 1079 murem
1866 1042 1899 1078 E

199 1113 404 1161 (matrem
451 1115 523 1161 V),
573 1125 594 1151 r
641 1114 656 1150 I
704 1114 771 1150 20.
817 1114 840 1150 9
886 1111 941 1161 (p.
979 1110 1050 1159 62)
1072 1113 1333 1160 fivtcticavit
1375 1111 1625 1160 (fruticavit
1665 1113 1900 1149 Lccme-s-

198 1183 463 1233 MUELLER).

317 1253 691 1304 Paraphrasis
725 1258 881 1292 autem
914 1252 958 1291 in
993 1263 1168 1302 genere
1203 1266 1233 1302 q*
1267 1263 1376 1290 rara
1408 1257 1491 1298 est,
1516 1262 1617 1301 nec,
1643 1250 1792 1290 sicubi
1815 1258 1899 1301 est,

200 1335 284 1375 per
328 1324 597 1363 universam
645 1323 849 1364 fabulam
898 1322 1113 1373 pertinet,
1164 1322 1246 1361 sed
1294 1333 1386 1361 una
1422 1323 1633 1362 alterave
1667 1307 1902 1361 sententia

202 1394 476 1435 continetur.
498 1395 628 1434 cuius
659 1394 848 1446 generis
880 1394 999 1433 haec
1033 1392 1256 1433 adnotavi
1277 1427 1283 1433 .
1304 1409 1328 1434 a
1357 1398 1419 1435 15.
1450 1398 1499 1434 1⁴2
1527 1395 1581 1444 (p.
1603 1394 1761 1443 xxxvl)
1787 1398 1902 1434 Time

200 1471 376 1507 demum
412 1482 566 1508 corvus
600 1469 819 1517 ingemuit
850 1469 951 1516 qnia
986 1470 1081 1506 dolo
1115 1473 1226 1506 esset
1256 1470 1458 1516 deceptus
1491 1473 1538 1506 nt
1569 1470 1759 1515 ignarus
1790 1465 1900 1513 (tnm

200 1542 376 1578 demum
423 1541 643 1588 ingemuit
689 1541 807 1578 corvi
852 1541 1054 1587 deceptus
1100 1545 1253 1587 stupor
1301 1538 1362 1585 P).
1400 1559 1453 1564 ——
1487 1551 1527 1576 w
1560 1540 1600 1575 Y
1635 1540 1672 1577 2.
1710 1540 1747 1584 4,
1783 1540 1806 1574 5
1842 1536 1898 1585 (p.

202 1608 273 1658 54)
325 1612 596 1649 renuntiavit
626 1612 852 1659 prioribus
891 1612 1000 1649 actis
1033 1615 1213 1648 mutans
1246 1611 1615 1655 consuetudi]tem,
1652 1612 1738 1647 nllo
1767 1616 1902 1657 pesas

201 1684 340 1720 ledere
373 1687 598 1721 contentus
629 1683 725 1719 sine
755 1683 978 1729 sangnine
1011 1683 1153 1719 cibum
1190 1679 1231 1727 (11
1259 1674 1452 1729 pristina
1485 1682 1656 1727 deflexit
1679 1685 1901 1719 consuetu-

200 1754 477 1800 diuumque
525 1754 637 1791 inter
684 1754 784 1791 illas
837 1753 957 1790 tenni
1004 1757 1229 1790 contentus
1263 1754 1353 1791 cibo
1386 1751 1448 1798 P).
1485 1773 1538 1776 —
1574 1763 1594 1789 r
1627 1753 1641 1788 Ι
1680 1752 1742 1789 19.
1780 1753 1804 1788 5
1841 1759 1897 1799 (p.

203 1822 274 1869 60)
325 1829 373 1862 nt
419 1825 495 1862 illa
533 1825 659 1861 daret
697 1828 794 1861 vota
832 1824 1004 1871 superis
1032 1830 1114 1871 pro
1149 1825 1241 1871 ipso
1277 1821 1341 1869 (nt
1371 1824 1483 1861 votis
1514 1830 1696 1871 superos
1729 1823 1900 1860 ambiat

196 1901 278 1950 pro
321 1896 412 1941 filio
460 1892 648 1942 scripsi).
698 1906 810 1942 quae
857 1895 993 1931 verba
1044 1895 1085 1932 in
1119 1906 1140 1931 r
1172 1895 1319 1942 spuria
1354 1905 1450 1931 esse
1489 1895 1633 1942 arguit
1665 1895 1771 1931 (lare
1801 1898 1902 1931 vota

200 1966 298 2002 huic
347 1967 441 2003 loco
486 1977 571 2003 non
619 1972 778 2014 aptum,
827 1966 942 2013 quod
993 1972 1056 2003 est
1104 1966 1268 2013 gratias
1314 1966 1484 2013 agentis
1517 1967 1586 2002 vel
1619 1966 1710 2002 eius
1744 1965 1815 2012 qui
1849 1965 1904 2001 sit

201 2037 288 2074 voti
321 2048 436 2083 reus,
480 2049 565 2074 non
599 2037 691 2074 eius
723 2037 796 2084 qui
830 2048 957 2084 opem
991 2037 1095 2074 deos
1128 2043 1254 2084 roget
1287 2037 1328 2073 in
1363 2037 1514 2074 ultimo
1547 2043 1755 2083 tempore.
1793 2055 1843 2059 —
1881 2047 1904 2071 a

203 2108 270 2145 22,
310 2108 360 2145 13
410 2105 465 2155 (p.
517 2108 677 2151 XXXIV)
727 2109 790 2146 sic
838 2109 991 2145 merito
1038 2109 1192 2155 agitm'
1224 2105 1395 2154 (merito
1423 2108 1659 2155 plectimur
1692 2104 1754 2152 P).
1790 2126 1845 2129 —
1879 2117 1904 2142 a

204 2179 242 2216 3.
277 2179 301 2216 8
339 2176 394 2226 (p.
429 2176 538 2225 xxx)
563 2180 621 2216 ad
642 2191 788 2217 meum
813 2191 859 2216 os
879 2176 953 2224 (ad
975 2191 1092 2217 meos
1111 2180 1297 2216 lanistas
1322 2178 1385 2223 P).
1415 2198 1465 2202 -—
1487 2190 1510 2214 a
1531 2178 1597 2215 3⁴2.
1625 2178 1647 2214 6
1668 2176 1723 2224 (p.
1744 2174 1903 2222 xxxm)

197 2255 278 2296 per
308 2261 418 2296 quas
439 2251 666 2297 sacrilegii
687 2252 824 2288 lueret
838 2256 1007 2297 poenas
1033 2247 1216 2297 (poenas
1240 2254 1287 2287 nt
1307 2254 1486 2287 sanctae
1507 2250 1732 2296 Religioni
1747 2249 1903 2296 pende-

205 2324 272 2357 ret
292 2317 363 2366 P);
387 2320 461 2356 ubi
483 2321 652 2367 poetica
685 2326 725 2357 et
759 2320 1012 2368 exquisitior
1035 2321 1165 2358 dictio
1189 2331 1401 2357 conversa
1426 2327 1489 2356 est
1507 2320 1549 2356 in
1566 2330 1843 2357 communem
1864 2324 1905 2355 et

202 2390 461 2437 pedestrem.
510 2398 684 2436 magna
728 2399 838 2427 vero
872 2387 1089 2427 molestia
1122 2387 1303 2428 liberati
1338 2398 1495 2427 sumus
1529 2387 1650 2437 quod
1684 2386 1728 2426 in
1762 2400 1794 2436 <f
1828 2398 1903 2437 pa-

201 2456 440 2508 raphrasis
483 2468 592 2497 rara
640 2464 724 2497 est.
772 2469 880 2497 narn
929 2457 1231 2509 paraphrasis
1263 2459 1409 2498 verba
1442 2469 1533 2497 non
1568 2469 1671 2497 esse
1704 2456 1905 2496 Phaedri

202 2527 346 2579 ipsius
384 2527 535 2578 arguit
568 2527 704 2567 metri
736 2528 1061 2579 repugnantia,
1096 2529 1192 2574 sed,
1227 2528 1264 2568 si
1298 2527 1336 2566 Φ
1367 2529 1513 2576 deest,
1548 2539 1663 2568 vera
1697 2539 1751 2567 ac
1786 2527 1903 2578 prin-

205 2598 374 2650 cipalia
405 2597 491 2638 nisi
524 2610 639 2638 casu
670 2610 763 2638 non
796 2610 1065 2649 recuperes.

321 2669 485 2710 Restat
534 2676 581 2709 ut
629 2669 686 2708 de
732 2668 1020 2709 latinitate
1070 2669 1297 2709 novicia
1331 2670 1582 2709 Phaedro
1618 2670 1796 2708 soluto
1831 2680 1902 2707 as-

205 2751 368 2791 persa
415 2739 717 2792 disputemus.
760 2740 818 2779 ad
853 2751 990 2791 quam
1024 2751 1123 2779 rem
1156 2747 1408 2791 antequam
1439 2747 1642 2784 transeo.
1677 2750 1904 2779 summam

206 2821 367 2850 eorum
416 2822 534 2862 quae
584 2810 640 2851 de
684 2809 870 2861 generis
905 2825 936 2861 φ
969 2810 1333 2861 proprietatibus
1366 2810 1664 2861 exposuimus
1696 2809 1905 2849 breviter

206 2881 592 2932 complectamur.
