2152 3229
226 174 254 200 X
944 175 1218 214 Prolegomena

223 278 312 319 sint
337 279 631 329 aliquatenus
655 278 840 329 quidem
865 278 1158 318 emendatius
1182 278 1247 318 sic
1272 278 1365 329 legi
1385 291 1392 318 ε
1413 278 1631 319 INCIPIT
1656 313 1663 320 .
1687 313 1694 319 .
1716 313 1723 319 .
1748 280 1926 320 LIBER

224 348 441 390 AESOPI
482 348 530 400 [I]
560 348 561 403 l
704 382 710 388 .
746 348 1064 389 MAGISTRO
1110 349 1278 389 RVFO
1326 349 1634 391 SALVTEM.
1673 351 1750 391 ubi
1789 362 1926 402 quem

223 420 407 471 punctis
446 419 708 469 significavi
748 420 917 467 locum,
951 419 1013 459 ibi
1051 419 1133 459 fuit
1174 420 1389 460 nimirum
1427 432 1598 460 nornen
1632 432 1796 461 verum
1829 422 1927 461 eius

223 490 299 541 qui
334 502 438 530 eam
471 490 733 530 fabularum
769 490 1098 530 collectionem
1131 490 1253 530 misit
1287 491 1345 530 ad
1378 490 1560 531 Rufum.
1589 502 1695 531 nam
1720 503 1803 532 suo
1826 491 1925 543 ipse

223 562 409 601 nomine
449 561 606 601 debuit
641 561 828 612 adloqui
868 561 1070 601 amicum
1109 561 1236 601 illum
1270 573 1408 613 quem
1440 562 1702 602 nominaret
1722 574 1818 602 vsuo
1849 575 1926 602 no-

222 632 358 671 mine.
392 644 593 683 namque
628 644 684 672 ea
718 644 837 683 quae
872 638 1000 673 extat
1034 632 1078 672 in
1110 643 1152 673 w
1187 633 1245 672 ad
1278 632 1448 672 Rufum
1480 632 1654 684 scripta
1683 632 1926 684 praefatio,

223 715 504 754 quamquam
537 716 629 743 non
663 703 801 743 modo
836 704 982 743 verba
1016 704 1098 744 sed
1133 703 1274 744 etiam
1309 704 1571 744 sententiae
1605 705 1858 755 pleraeque
1882 705 1927 744 in

222 785 328 814 eam
362 786 421 813 ex
452 774 666 814 Phaedro
703 775 959 814 translatae
994 781 1114 825 sunt,
1139 781 1298 814 tamen
1320 774 1385 814 ita
1409 781 1480 815 est
1504 781 1735 826 concepta
1758 782 1807 815 ut
1829 786 1927 826 spe-

223 845 342 884 ciem
376 846 603 895 praebeat
636 844 940 896 praefationis
973 857 1000 885 a
1032 857 1147 885 vero
1182 845 1383 896 quodam
1416 846 1645 897 scriptore
1680 846 1736 886 ad
1762 858 1926 887 verum

223 916 455 966 quendam
495 915 663 955 Rufum
698 915 914 967 scriptae.
966 916 1271 967 quamobrem
1309 916 1411 956 veri
1451 916 1599 957 simile
1641 924 1711 956 est
1752 917 1927 969 Aesopi

221 998 391 1026 nomen
425 998 584 1026 errore
618 986 794 1026 librarii
827 987 884 1026 ab
920 986 1223 1038 inscriptione
1259 999 1364 1027 esse
1398 988 1676 1027 translatum
1711 994 1757 1027 et
1789 988 1834 1027 in
1866 989 1927 1028 lo-

222 1069 328 1097 cum
357 1057 456 1097 veri
487 1057 678 1097 editoris
700 1057 1013 1098 substitutum.
1049 1057 1132 1098 fuit
1158 1058 1298 1108 igitur
1321 1058 1554 1109 quondam
1578 1058 1795 1098 collectio
1818 1061 1927 1099 mul-

220 1136 373 1168 tarum
421 1128 684 1168 fabularum
731 1129 1130 1169 Phaedrianarum
1180 1140 1286 1169 cum
1325 1129 1486 1180 paucis
1525 1129 1694 1169 fabulis
1731 1130 1927 1181 sumptis

221 1199 406 1239 aliunde
442 1200 705 1249 coniuncta,
741 1207 895 1251 atque,
929 1207 978 1239 ut
1010 1200 1307 1240 Phaedriana
1346 1200 1568 1251 carmina,
1603 1212 1687 1253 per
1726 1200 1925 1252 quinque

221 1269 363 1310 libros
402 1270 660 1312 distributa.
696 1271 818 1322 quod
857 1282 898 1312 w
933 1271 1156 1321 servavit,
1197 1283 1302 1311 cum
1337 1272 1552 1311 collectio
1591 1271 1819 1313 Romulea
1853 1284 1925 1312 co-

221 1340 324 1381 dice
359 1341 623 1382 Burneiano
656 1342 701 1382 in
737 1348 968 1393 quattuor,
1001 1341 1273 1382 Florentino
1307 1341 1350 1381 in
1385 1349 1482 1382 tres
1513 1342 1657 1382 libros
1680 1343 1925 1390 dividatur,

222 1412 601 1453 Vindobonensis
639 1413 683 1453 in
722 1425 863 1453 unum
897 1413 1065 1453 librum·
1098 1414 1270 1453 habeat
1304 1413 1488 1454 fabulas
1521 1420 1770 1454 coartatas.
1807 1426 1925 1466 quae

223 1482 399 1524 Comm.
423 1483 440 1523 I
462 1495 505 1534 p.
530 1484 586 1524 38
610 1496 675 1536 sq.
702 1490 822 1533 acta,
847 1496 969 1524 nunc
996 1484 1104 1524 mihi
1126 1492 1380 1536 propterea
1404 1484 1768 1525 demonstranda
1793 1493 1926 1526 erant

221 1554 388 1605 denuo,
430 1555 552 1606 quod
585 1555 781 1605 TH1ELE‚
816 1567 970 1595 meam
1004 1555 1367 1607 disputationem
1401 1555 1585 1596 silentio
1618 1555 1925 1607 praeteriens,

221 1624 264 1664 in
289 1633 471 1676 partem
496 1626 781 1666 contrariam
801 1616 1163 1677 disputatssquod
1188 1626 1311 1666 enim
1329 1626 1552 1666 Romulus
1570 1627 1613 1666 in
1632 1627 1924 1678 praefatione

220 1697 441 1736 mentitus
475 1704 558 1742 est,
593 1696 776 1737 fabulas
810 1697 986 1748 Aesopi
1019 1709 1046 1737 a
1079 1709 1183 1737 sese
1218 1697 1275 1737 de
1309 1708 1486 1747 graeco
1508 1697 1553 1737 in
1576 1709 1843 1738 sermonem
1865 1699 1926 1738 la-

220 1767 365 1808 tinum
389 1780 494 1808 esse
521 1779 792 1815 conversas,
823 1768 868 1807 id
891 1768 1072 1808 THIELE
1095 1776 1274 1808 temere
1300 1768 1498 1808 credens
1521 1768 1736 1818 opinatur
1760 1770 1926 1809 collec-

220 1839 358 1878 tionis
382 1839 638 1878 Romuleae
663 1839 848 1879 iabulas
871 1838 910 1879 si
927 1851 1020 1879 non
1039 1850 1202 1878 omnes
1220 1845 1266 1878 at
1284 1838 1507 1890 plurimas
1529 1850 1621 1878 non
1645 1839 1702 1879 de
1726 1839 1925 1879 Phaedri

221 1916 431 1961 sumptas
474 1922 578 1950 esse
622 1909 854 1950 thesauris
891 1910 974 1949 sed
1013 1910 1069 1949 de
1108 1921 1286 1960 graeca
1324 1909 1587 1949 fabularum
1633 1910 1924 1951 collectione.

222 1992 341 2031 quae
377 1992 481 2020 cum
514 1992 703 2031 graece,
737 1981 775 2020 si
808 1981 1003 2020 THIELIO
1038 1980 1284 2029 credimus,
1318 1980 1541 2032 inscripta
1565 1988 1690 2021 esset
1713 1982 1926 2033 Aesopus

222 2053 284 2091 ad
320 2052 569 2097 Xanthum,
610 2052 791 2091 THIELE
830 2051 961 2091 finxit
999 2051 1141 2092 latine
1178 2051 1467 2092 convertisse
1501 2051 1747 2092 Romulum
1786 2058 1832 2092 et
1863 2052 1926 2104 fa-

222 2124 356 2162 bulas
401 2130 447 2162 et
493 2123 690 2172 titulum,
730 2129 778 2163 ut
817 2123 959 2163 latine
999 2124 1218 2173 Aesopus
1257 2124 1319 2162 ad
1357 2123 1533 2173 Rzfimz
1575 2123 1923 2163 inscriberetur.

223 2205 304 2233 cur
334 2205 426 2233 non
458 2194 612 2244 potius
634 2194 740 2234 Aes.
765 2195 826 2233 ad
851 2193 1083 2233 Flavum?
1102 2191 1126 2234 ¹.
1163 2194 1295 2245 quid?
1330 2194 1451 2245 quod
1474 2193 1651 2244 Aesopi
1674 2193 1732 2233 ad
1755 2193 1924 2233 Rufum

222 2264 355 2314 illius,
397 2265 432 2304 si
474 2264 666 2304 THIELIO
711 2265 958 2311 credimus,
993 2265 1051 2305 de
1084 2276 1260 2314 graeco
1295 2275 1527 2304 conversa
1560 2270 1630 2304 est
1663 2264 1764 2315 ipsa
1796 2276 1925 2316 prae-

222 2335 334 2375 fatio
374 2335 585 2387 (κΤΗΙΕῑΔΕ,
634 2336 737 2375 Lat.
773 2336 927 2387 Aesop
966 2348 1007 2387 p.
1049 2338 1160 2385 XV).
1211 2335 1337 2386 quod>
1372 2347 1476 2375 esse
1519 2335 1585 2375 sic
1626 2347 1718 2374 non
1756 2342 1923 2386 potest.

222 2418 343 2457 nam,
379 2407 501 2457 quod
541 2406 946 2447 Commentatione
980 2406 997 2446 I
1030 2418 1104 2458 pp.
1140 2406 1313 2447 40-42
1348 2413 1571 2446 accurate
1605 2406 1925 2446 demonstravi

224 2477 496 2518 examinans
540 2478 737 2528 singula,
784 2479 1047 2529 prologus
1092 2484 1143 2517 et
1191 2477 1442 2529 epilogus
1486 2477 1562 2517 ille
1608 2477 1816 2528 Aesopi
1861 2477 1925 2516 ad

223 2548 427 2596 Rufum,
463 2560 600 2599 quem
634 2548 857 2588 Romulus
890 2548 1070 2588 furatus
1103 2549 1243 2588 edidit
1281 2549 1412 2599 quasi
1447 2560 1592 2596 suum,
1628 2555 1776 2588 totus
1808 2547 1923 2588 iere

344 2679 350 2695 ¹
393 2681 572 2720 Quamvis
610 2681 780 2712 videatur
819 2681 932 2712 fuisse
973 2682 1065 2712 inter
1106 2681 1235 2722 rufum
1271 2687 1306 2712 et
1329 2681 1483 2721 flavum
1511 2686 1621 2711 tenue
1649 2680 1860 2719 discrimen,
1888 2687 1924 2711 ut

224 2741 361 2771 Tiniziffi,
387 2749 453 2780 pro
481 2749 548 2770 sua
577 2740 748 2781 opinione
777 2740 913 2771 afferre
941 2741 1101 2781 potuerit
1130 2741 1224 2772 CGL
1244 2740 1277 2771 ΙΙ
1308 2741 1372 2771 175
1405 2735 1774 2780 »νηῘιιηΓ-ξανϋόν»,
1799 2745 1924 2771 tamen

226 2799 409 2830 communi
451 2799 599 2839 quidem
639 2808 741 2830 more
781 2798 956 2839 loquendi
990 2806 1027 2830 ut
1059 2796 1209 2839 πυρρός
1241 2799 1353 2840 rufus
1392 2798 1443 2829 ita
1468 2794 1614 2838 ξανθὸς
1628 2798 1764 2837 flavus
1791 2805 1925 2830 est.ut

225 2858 412 2888 Iuvenalis
440 2858 474 2886 V
505 2859 568 2889 115
585 2858 690 2898 flavi
706 2858 904 2899 Meleagri,
924 2859 984 2899 qui
1004 2868 1062 2899 ap.
1083 2859 1285 2889 Homerum
1305 2858 1333 2888 B
1353 2857 1420 2888 642
1440 2863 1495 2888 est
1514 2852 1660 2896 ξανθὸς
1679 2853 1925 2897 Ῑῑίελὲαγρος.

225 2922 260 2947 et
288 2922 362 2947 tam
391 2916 537 2948 Flavus
565 2927 673 2957 quam
701 2917 827 2957 Rufus
854 2918 920 2949 fuit
947 2926 1169 2957 cognomen.
