2152 3229
206 2432 246 2462 10

287 99 337 139 16
837 114 985 145 Phaedri
1013 114 1122 146 soluti
1150 115 1286 146 fabulae
1314 115 1419 146 XXX

284 214 321 249 11
357 214 583 260 scopulum
615 218 754 260 super.
790 236 832 239 —
865 216 903 249 8Δ
921 217 1051 259 rogat
1078 216 1335 259 wzrogabat
1363 226 1397 253 a.
1426 236 1467 241 —
1495 218 1530 252 9.
1560 216 1739 263 [quippe]
1769 217 1976 264 postposi-

280 266 425 310 tivum,
453 272 497 302 ut
525 268 556 301 ‹1›
583 266 598 302 I
625 266 681 304 28.
709 267 740 303 7.
768 289 812 293 —
839 268 881 304 ib
907 267 1087 304 inscium
1114 284 1157 298 z
1185 268 1513 315 imprudentem,
1539 274 1585 305 ut
1612 271 1643 304 Φ
1669 269 1728 306 IV
1753 270 1785 307 9.
1803 270 1837 307 3.
1857 291 1899 295 —
1919 271 1976 306 11.

279 319 322 354 in
354 318 433 354 tali
462 330 506 355 re
539 319 622 356 add
647 320 750 356 1·:in
783 320 868 357 tale
900 321 984 358 add
1016 332 1166 358 w:om
1195 333 1229 358 a.
1258 343 1300 346 ——
1328 323 1386 358 13.
1414 322 1670 368 Imprudens
1695 322 1805 359 idem
1833 323 1977 360 addidi

281 377 324 407 ut
355 372 575 408 senarium
608 374 837 420 explerem.
872 374 922 411 cf.
958 379 989 411 Φ
1015 374 1072 410 ΙΙΙ
1098 374 1132 411 2.
1158 375 1180 411 2
1206 375 1420 411 Panthera
1447 375 1696 421 imprudens
1722 376 1823 413 olim
1851 377 1892 413 in
1909 376 1976 422 so-

282 435 403 460 z'eam
430 425 586 462 decidit.
616 448 656 451 —
687 428 744 463 14.
773 427 919 471 rugire
948 432 1227 472 rw2'2r11g‘ere
1252 431 1311 464 w¹
1330 428 1522 473 :mugire
1547 439 1581 464 a.
1606 450 1652 454 —
1675 430 1734 465 15.
1756 429 1979 474 [inquirere
2003 471 2008 474 ,

279 477 537 523 adjcucurrit
567 479 611 515 id
639 480 843 526 quidnam
868 480 986 526 soret
1018 482 1180 517 conieci
1198 493 1204 517 :
1222 481 1464 518 adcucurrit
1493 481 1595 527 qnid
1619 481 1812 527 adferas
1834 492 1977 519 wtcu-

278 531 410 567 currit
436 542 470 568 a.
499 533 548 569 cf.
578 538 610 570 Φ
636 544 730 580 app.
757 534 789 571 7.
815 534 839 569 3
865 534 976 570 scire
1003 545 1110 581 ergo
1139 535 1314 581 cupiens
1341 534 1546 580 quidnam
1573 535 1750 571 sentiret
1772 546 1913 571 senex.
1934 556 1976 560 ——

278 585 336 619 16.
362 595 447 621 non
473 588 533 621 esi
559 586 672 631 qnod
694 587 845 623 timeas
871 587 953 624 add
980 598 1063 624 wr:
1081 598 1151 624 om
1173 599 1207 624 a.
1226 609 1271 613 —
1289 589 1444 624 19—21.
1471 587 1537 624 De
1555 589 1704 624 talium
1723 589 1978 635 laqueorum

278 647 599 686 nervorumque
627 645 718 676 arte
737 639 930 677 Grattius
949 639 1113 687 Cyneg.
1132 641 1179 677 89
1197 652 1257 688 sq.
1282 663 1321 666 -
1342 642 1400 677 23.
1421 641 1561 677 laedat
1578 652 1640 677 rw
1656 653 1662 678 2
1680 641 1842 678 laedere
1858 646 1976 687 prae-

275 694 423 726 sumat
446 702 481 727 a.
509 714 550 716 —
570 692 623 728 ib.
643 693 828 729 minores
846 692 910 730 M:
927 693 1135 730 minorem
1154 694 1183 731 S
1200 706 1206 731 1
1223 694 1423 730 minimos
1442 694 1559 731 aBF:
1580 694 1807 730 minimum
1826 694 1914 731 VE.
1935 715 1976 719 —

278 746 419 779 monet
442 745 544 782 haec
558 745 717 791 sabula
746 746 830 783 add
856 757 898 783 r:
915 757 985 783 om
1014 758 1049 783 a.
1078 768 1120 772 —-
1147 749 1206 783 18.
1234 747 1409 784 recidam
1425 752 1576 794 parem
1595 747 1787 793 gratiam
1806 747 1978 789 sibimel

278 801 316 841 p.
342 808 384 841 g.
413 801 438 835 t.
466 800 514 843 r.)
542 810 627 835 wr:
647 810 717 835 om
748 811 783 835 a.

373 850 619 889 Senarius
655 863 764 889 unus
792 859 936 890 manet
961 854 1130 901 integer
1157 855 1196 891 in
1225 855 1421 901 prosaria
1450 854 1591 890 fabula
1620 865 1644 890 v
1675 854 1717 890 12
1742 853 1917 899 Igimvit
1941 857 1979 890 et

277 903 445 941 dimisit.
467 909 566 951 post
589 911 748 952 pancos
776 906 873 943 dics.
900 908 1045 953 plures
1071 919 1176 944 vero
1204 918 1341 955 paene
1368 908 1536 953 integri.
1564 913 1608 944 ut
1635 919 1660 943 v
1686 907 1709 943 2
1736 906 1790 943 Et
1819 930 1841 934 -
1865 932 1888 943 o
1911 929 1932 933 -
1953 931 1976 942 o

278 958 354 995 ab?
375 961 510 1004 potest
534 959 683 995 reddat
707 959 852 1000 vicem,
883 960 926 996 14
956 960 986 998 C
991 963 1117 1007 aptus
1135 961 1283 1005 rugire
1300 960 1431 1006 coepit
1446 990 1451 995 .
1468 963 1514 996 ut
1532 971 1629 996 mus
1648 960 1780 996 audiit
1800 963 1861 996 (nt
1879 971 1977 996 mus

277 1012 430 1059 scripsi
452 1023 458 1048 :
482 1023 580 1048 mets
615 1015 661 1048 nt
696 1024 745 1059 ειι,
777 1012 825 1049 23
852 1013 913 1049 Ne
938 1014 1031 1059 quis
1058 1014 1243 1050 minores
1269 1013 1409 1049 laedat
1434 1016 1575 1049 monet
1599 1013 1875 1059 lzaecsabula
1901 1013 1976 1058 (sic

279 1065 367 1101 fere
394 1076 425 1111 r,
454 1066 576 1102 aliter
603 1068 652 1111 a).
684 1067 726 1102 10
752 1066 837 1103 Le&
863 1067 1079 1112 cogitabat
1104 1068 1139 1099 L
1159 1092 1181 1102 o
1203 1090 1223 1093 -
1254 1067 1294 1102 si
1317 1066 1527 1104 occideret.

396 1118 522 1163 Quod
563 1119 615 1156 ad
656 1120 933 1157 dictionem
974 1121 1131 1164 attinet,
1165 1126 1337 1167 praeter
1370 1131 1535 1157 morem
1569 1120 1753 1157 Phaedri
1786 1121 1892 1157 haec
1920 1120 1976 1157 di—

278 1177 432 1208 cuntur
465 1173 505 1208 in
534 1173 677 1209 fabula
704 1175 966 1220 prosariazv
996 1174 1038 1209 19
1071 1173 1286 1219 ligaturas
1313 1191 1357 1203 z
1383 1174 1590 1220 ligamina
1625 1180 1665 1210 et
1703 1184 1728 1209 v
1755 1173 1777 1210 2
1804 1173 1976 1219 ingenia

276 1242 321 1255 Ξ
348 1236 417 1262 res
446 1226 598 1262 callide
631 1226 851 1263 fabricata.
881 1227 994 1273 quod
1023 1233 1253 1274 utrumque
1280 1228 1462 1264 excrevi.
1491 1233 1633 1263 cetera
1662 1233 1804 1263 autem
1832 1227 1977 1263 omnia

277 1289 328 1314 ea
366 1285 464 1315 sunt
503 1290 612 1325 quae
653 1287 723 1316 aut
756 1280 797 1316 in
834 1283 865 1315 Φ
899 1281 1170 1327 reperiantur
1203 1286 1273 1316 aut
1307 1282 1456 1317 saltem
1492 1291 1589 1316 cum
1617 1291 1738 1316 more
1764 1280 1977 1316 sermonis

277 1332 428 1368 aetatis
456 1332 750 1369 Phaedrianae
778 1338 1031 1380 congruant.
1087 1333 1116 1370 1.
1145 1333 1406 1380 Simplicitas
1434 1344 1620 1380 peccans
1645 1334 1680 1369 si
1706 1338 1834 1379 rogat
1863 1333 1975 1369 veni-

277 1396 345 1421 am
374 1385 572 1432 impetret
597 1402 628 1415 ω
658 1389 688 1421 Φ
714 1386 752 1422 V
777 1386 800 1423 3
829 1387 867 1423 11
898 1386 991 1423 Hoc
1021 1393 1277 1433 argumento
1306 1389 1400 1434 plus
1420 1387 1513 1423 dari
1531 1387 1703 1423 veniam
1724 1387 1845 1423 decet
1865 1386 1978 1433 (plns

276 1438 375 1474 dari
408 1439 578 1475 veniam
615 1439 726 1476 decet
763 1440 915 1486 scripsi
932 1451 938 1476 :
955 1440 1078 1476 >venia
1106 1440 1204 1476 dari
1227 1440 1341 1476 docet
1366 1440 1410 1483 Ρ)
1440 1441 1508 1487 qui
1539 1451 1642 1477 casu
1668 1445 1820 1487 peccat
1847 1450 1976 1487 quam

277 1492 347 1538 qui
382 1493 560 1529 consilio
594 1498 657 1529 est
690 1503 860 1530 nocens.
887 1493 1138 1539 simplicitas
1164 1510 1208 1523 z
1237 1494 1402 1530 animus
1431 1493 1529 1530 dolo
1558 1499 1598 1530 et
1625 1494 1786 1530 malitia
1811 1503 1976 1530 vacuus

505 1680 538 1719 ῳ
573 1662 681 1708 VH.
748 1662 854 1708 rIII
878 1663 942 1708 16.
1007 1663 1296 1709 MEMBRA
1329 1664 1416 1708 ET
1450 1663 1742 1710 VENTER.

276 1784 363 1835 Qui
397 1796 506 1825 suos
539 1784 712 1825 deserit
747 1784 1017 1836 decipietur.

275 1855 424 1895 Nemo
459 1855 632 1906 aliquid
665 1857 763 1895 sine
799 1855 893 1895 suis
926 1857 1066 1895 valet.

275 1927 335 1967 Ut
367 1933 528 1978 partes
559 1926 748 1966 humani
783 1927 1004 1978 corporis.

275 1998 333 2038 de
373 1997 539 2049 quibus
578 1997 744 2037 dicitur
783 1998 1050 2049 indignatas
1090 2011 1256 2039 manus
1295 2011 1351 2039 ac
1389 1999 1535 2050 pedes
1573 2000 1788 2039 nolentes
1823 1998 1976 2039 ventri

394 2068 547 2108 cibum
592 2069 705 2109 dare
745 2080 897 2120 neque
937 2070 1115 2109 servire
1153 2069 1224 2123 [eo
1259 2070 1380 2121 quod
1413 2069 1511 2110 sine
1545 2070 1637 2109 ullo
1670 2070 1832 2109 labore
1868 2069 1975 2110 coti-

393 2140 467 2180 die
501 2141 765 2191 repleretur
797 2140 969 2180 sedens
1001 2140 1209 2192 otiosus].

275 2210 487 2251 esuriens
520 2218 678 2251 autem
710 2217 879 2251 venter
913 2212 1148 2251 clamabat
1182 2219 1230 2252 ut
1264 2212 1305 2252 ei
1340 2211 1493 2252 cibum
1525 2212 1794 2252 donaretur.

275 2287 320 2321 et
352 2293 490 2321 nemo
526 2282 566 2321 ei
601 2282 896 2322 ministrabat
930 2282 1143 2341 manibus
1177 2294 1231 2322 ac
1264 2283 1461 2334 pedibus
1495 2283 1882 2335 conspirantibus.

274 2353 357 2392 sed
402 2352 555 2392 ieiuno
603 2360 768 2393 ventre
814 2354 1010 2393 nembra
1057 2353 1212 2393 omnia
1257 2360 1515 2405 coeperunt
1554 2355 1829 2395 lassescere.
1870 2360 1975 2405 post

391 2424 510 2463 haec
543 2423 711 2463 iterum
744 2425 993 2463 voluerunt
1027 2423 1199 2464 afferre
1235 2424 1401 2464 cibum.

274 2494 358 2534 sed
389 2495 628 2535 recusavit
664 2501 828 2535 venter
861 2495 968 2546 quia
1001 2495 1092 2535 iam
1128 2497 1363 2536 clauserat
1397 2507 1557 2536 venas.

274 2565 339 2605 sic
373 2572 540 2606 venter
574 2573 619 2606 et
653 2566 865 2605 membra
897 2566 1030 2606 simul
1064 2567 1190 2606 lassa
1222 2566 1509 2607 interierunt.

392 2693 620 2728 Adnotatio.
672 2692 734 2728 Ex
760 2692 932 2729 Romuli
960 2693 1109 2729 codice
1136 2693 1173 2729 V
1203 2699 1374 2740 praeter
1400 2693 1506 2729 haec
1533 2704 1584 2729 ex
1603 2693 1696 2729 aliis
1715 2692 1886 2730 Romuli
1907 2705 1973 2731 co-

275 2745 440 2781 dicibus
474 2752 514 2782 et
545 2757 596 2783 w.
631 2767 673 2771 —-
707 2747 742 2782 5.
777 2757 833 2790 sq.
868 2757 912 2782 co
947 2747 1091 2792 qnod.
1116 2757 1179 2783 ,1.
1207 2757 1238 2783 r.
1266 2757 1298 2783 s.
1326 2746 1484 2782 otiosus
1511 2746 1605 2783 add.
1634 2746 1788 2783 13:0m.
1815 2746 1900 2783 FV.

273 2800 308 2834 7.
335 2797 550 2834 clamabat
581 2799 794 2836 xmBSFM
810 2800 1029 2846 personuit
1061 2799 1110 2836 V.
1145 2821 1188 2825 —
1215 2802 1276 2836 10.
1305 2799 1441 2836 (thum
1470 2799 1564 2836 add.
1592 2799 1806 2837 wBSFM:
1824 2810 1895 2837 om
1922 2769 1972 2836 Χ-Γ.

275 2871 317 2875 -
345 2852 378 2888 5.
405 2851 449 2887 in
475 2852 555 2888 olio
582 2863 734 2889 1615115
762 2853 909 2899 exitus,
937 2859 980 2890 ut
1009 2855 1040 2888 Φ
1066 2853 1102 2889 ΙΙ
1129 2855 1162 2889 3.
1189 2852 1222 2889 2.
