2152 3229
138 1572 155 1601 N]

118 1783 158 1813 10

121 2138 160 2166 15

566 141 654 172 Fab.
682 141 728 181 V,
755 141 820 172 VI.
871 141 1009 173 Asinus
1036 141 1205 173 blandus.
1257 141 1339 172 Mus
1366 145 1402 172 et
1428 141 1486 172 leo
1828 128 1879 167 lO

179 243 325 280 THOELE
363 248 488 279 errat.
527 253 667 289 neque
706 242 818 278 enirn
854 242 961 278 haec
989 241 1133 278 fabula
1160 247 1223 279 est
1250 242 1422 288 longior
1448 252 1587 289 neque
1613 242 1758 279 verbis
1785 243 1880 289 plus

180 296 355 332 dilatata
388 305 516 342 quam
551 296 710 332 multae
743 295 914 332 fabulae
947 295 1142 340 Phaedri,
1169 306 1248 332 nec
1280 305 1386 332 vero
1422 295 1636 332 rhetorice
1663 301 1879 332 exornata.

178 349 221 385 in
256 359 339 395 qua
371 349 613 385 rhetoricus
647 354 712 384 est
742 349 884 385 nullus
918 354 1106 393 ornatus,
1133 348 1209 385 sed
1236 348 1388 385 eadem
1416 349 1457 385 in
1484 349 1563 384 hac
1592 359 1701 395 quae
1728 349 1768 385 in
1795 349 1879 396 ple-

179 402 324 448 risque
350 401 535 438 Phaedri
562 401 717 438 fabulis
744 407 869 448 grata
893 401 1156 448 simplicitas,
1176 402 1291 438 nuda
1310 407 1576 448 venustaque
1596 402 1745 438 oratio.
1765 402 1880 448 quod

180 461 323 491 autem
362 455 404 491 in
443 455 524 491 hac
563 455 708 491 fabula
747 455 1032 501 cogitationes
1071 461 1110 491 et
1150 454 1328 491 consilia
1363 455 1481 491 aselli
1516 454 1655 501 lepide
1681 455 1879 501 salseque

180 507 493 553 describuntur,
520 507 616 544 talis
644 507 887 554 descriptio,
909 508 1107 554 quamvis
1132 507 1277 543 brevis
1295 508 1550 554 plerumque
1569 528 1611 532 ——
1631 518 1731 543 nam
1750 507 1878 543 Phae-

181 561 283 597 drus
316 561 395 597 scit
429 561 608 597 multum
642 561 791 607 paucis
825 560 970 596 verbis
1003 559 1196 596 indicare
1229 581 1270 585 —
1308 570 1405 595 cum
1433 560 1543 596 inest
1569 560 1610 596 in
1639 560 1799 606 aliquot
1825 560 1881 595 ia-

180 614 290 650 bulis
322 614 506 650 Phaedri
537 620 626 650 tum
660 613 702 649 in
736 612 994 659 quibusdam
1028 612 1245 659 copiosius
1282 612 1614 659 diligentiusque
1647 613 1880 648 elaborata.

181 667 362 713 exempli
390 677 522 703 causa
549 676 844 702 commemoro
874 668 905 700 Φ
932 665 947 700 Ι
972 664 1006 710 2,
1032 665 1089 710 23,
1117 665 1175 701 IV
1206 666 1258 709 18,
1286 665 1323 700 Π
1348 666 1381 709 8,
1410 664 1467 701 ΙΙΙ
1493 666 1526 701 7.

298 720 522 756 Postremo
549 719 714 755 collatis
734 718 887 754 fabulis
908 719 1079 764 graecis
1099 724 1277 765 apparet
1291 717 1536 754 Phaedrum
1551 719 1728 765 proprio
1743 718 1881 754 Marte

180 783 345 819 suoque
377 772 507 808 modo
540 771 621 807 hoc
657 778 961 817 argumentum
987 771 1045 807 ita
1072 777 1281 808 tractasse
1307 776 1353 808 ut
1380 776 1470 807 arte
1498 778 1537 808 et
1564 772 1738 818 ingenio
1766 771 1880 807 fabu-

181 828 265 862 lam
291 825 357 861 331
388 824 425 861 H
452 826 695 872 prosarium
722 825 924 866 vinceret,
952 824 1098 860 Babrii
1129 824 1195 860 129
1223 829 1438 871 aequaret.

443 1037 494 1082 V
498 1037 530 1082 I.
596 1036 738 1082 MVS
773 1036 858 1081 ET
893 1035 1040 1082 LEO.
1105 1041 1302 1080 flletmtm
1335 1040 1614 1080 restitutum.

184 1135 489 1188 [Simplicitas
521 1147 733 1186 peccans
765 1135 803 1174 si
835 1141 972 1185 rogat
1004 1135 1193 1174 veniam
1226 1134 1448 1186 impetret.

181 1207 239 1246 Et
274 1205 395 1259 [ipsa
429 1205 614 1258 rursus]
652 1203 735 1246 ubi
768 1213 924 1257 potest
956 1206 1123 1245 reddat
1156 1205 1330 1253 vicem;

183 1277 243 1318 Ut
276 1277 538 1317 adtestatur
569 1277 688 1316 haec
723 1276 927 1329 [Aesopi]
964 1275 1151 1328 fabula]

187 1347 402 1401 [Circum]
439 1348 624 1387 leonem
658 1347 969 1387 dormientem
1003 1347 1176 1397 agrarii

183 1419 341 1459 Mures
373 1419 482 1458 dnm
518 1418 673 1471 [sorte]
709 1419 871 1458 ludunt
904 1418 948 1458 in
982 1418 1114 1468 silva,
1151 1430 1209 1458 ex
1243 1418 1310 1458 eis

183 1490 463 1541 Imprudens
496 1501 613 1529 unus
645 1489 827 1529 transiit
860 1490 991 1529 illum
1026 1501 1179 1540 super.

185 1560 365 1600 Murem
399 1567 706 1611 experrectus
743 1560 894 1613 [hunc]
930 1562 1004 1600 leo
1040 1561 1183 1600 celeri
1216 1573 1357 1600 manu

186 1630 408 1671 Miserum
441 1631 700 1682 prehendit.
735 1643 840 1671 mus
874 1631 973 1670 dari
1006 1631 1193 1672 veniam
1225 1640 1382 1682 1·ogat;

185 1701 380 1741 Fecisse
411 1701 579 1753 quippe
610 1713 701 1742 non
734 1703 977 1742 voluntate
1014 1702 1259 1755 [insciztm].

185 1770 283 1813 Leo
317 1772 568 1823 cogitabat,
607 1772 892 1826 [supplicem]
929 1771 966 1813 si
1000 1774 1254 1822 occideret,

187 1843 253 1896 [In
286 1843 380 1896 tali]
417 1843 593 1883 crimen
627 1855 731 1883 esse
770 1843 867 1896 [1·e]‚
902 1856 993 1884 non
1027 1845 1244 1895 gloriam3

185 1915 367 1966 Ignovit
400 1921 445 1954 et
479 1914 662 1955 dimisit.
696 1922 801 1966 post
834 1927 1012 1966 paucos
1045 1915 1146 1955 dies

191 1985 486 2038 [Imprudens
518 1985 651 2038 idem]
688 1985 858 2025 cecidit
891 1986 937 2026 in
970 1986 1158 2026 foveam
1191 1988 1278 2027 le0.

189 2056 364 2108 Captus
396 2055 551 2107 rugire
588 2056 754 2108 coepit.
790 2064 838 2097 ut
870 2068 972 2096 mus
1005 2056 1162 2107 audiit,

191 2126 444 2179 [Inquz'rere
477 2126 763 2179 ad]cucurrit
798 2127 858 2179 [id
893 2127 1113 2179 quidnam
1147 2127 1298 2181 foret}

189 2197 388 2249 Captum
419 2198 501 2237 ubi
537 2198 772 2249 cognovit,
812 2197 948 2251 »[non
982 2205 1053 2238 est
1087 2199 1210 2250 quod
1242 2198 1452 2251 timeas]»
1491 2198 1573 2248 ait;

193 2268 320 2308 »Non
352 2267 597 2308 immemor
629 2280 730 2308 sum
765 2268 913 2322 [tantz]
950 2268 1167 2309 beneficii
1199 2269 1283 2317 tui;

190 2338 308 2392 [Tibi
341 2350 454 2389 ergo
487 2338 682 2378 reddam
714 2339 915 2389 gratiam
948 2340 1125 2379 meritis
1158 2339 1380 2392 parem-m]

188 2409 318 2449 Tunc
355 2408 533 2462 [cuncta
567 2409 782 2462 cursans]
818 2409 944 2450 illius
976 2410 1203 2461 ligamina

188 2480 412 2520 Lustrare
448 2479 616 2531 coepit.
653 2479 895 2532 [dentibus]
929 2493 1103 2521 nervos
1136 2485 1270 2521 secat

193 2550 460 2604 [Nodormn]
498 2556 542 2590 et
576 2557 674 2590 arte
705 2563 829 2590 nexa
861 2552 990 2590 laxat
1021 2551 1222 2592 vincula.

190 2621 328 2662 Silvis
360 2622 546 2662 leonem
580 2620 645 2660 sic
680 2621 881 2661 restituit
914 2621 1124 2661 liberum.

190 2691 258 2732 Ne
293 2691 394 2743 quis
426 2691 630 2732 minores
663 2691 820 2731 laedat
856 2691 1030 2744 [monet
1062 2692 1180 2732 haec
1214 2692 1405 2745 fabula}

188 2821 268 2863 gat
292 2821 364 2855 w¹.
392 2839 436 2844 -
463 2818 719 2855 czdtestatnr:
739 2819 753 2863 Η
771 2821 948 2854 testatur
974 2830 1025 2859 w.
1045 2818 1102 2854 ad
1115 2829 1251 2855 eraso.
1273 2840 1314 2843 —
1335 2821 1369 2854 6.
1388 2818 1561 2855 transit-t
1578 2819 1725 2855 ultima
1745 2819 1887 2865 longa.

190 2877 234 2908 ut
262 2873 294 2906 Φ
319 2871 377 2908 IV
403 2872 435 2908 4.
462 2873 485 2907 ἶ)
510 2871 641 2907 rediit.
670 2893 711 2896 —
740 2872 780 2907 ib
808 2871 928 2907 illum
954 2877 1094 2918 snper,
1122 2878 1165 2908 ut
1194 2874 1224 2906 Φ
1252 2872 1266 2908 Ι
1293 2872 1348 2908 27.
1375 2873 1399 2908 8
1423 2883 1545 2917 quem
1575 2902 1605 2908 ..
1631 2877 1772 2918 snper,
1800 2871 1876 2907 116
