2152 3229
848 182 936 222 Cap.
964 181 1018 212 11:
1060 182 1116 212 De
1143 191 1284 222 genere
1311 191 1340 223 (ρ
1817 181 1941 208 XXVII

243 284 428 336 scripsit
459 296 552 324 non
577 285 770 325 videtur
802 285 916 325 satis
947 285 1233 326 intellexisse
1266 285 1376 325 illud
1399 268 1651 337 repulsam.
1675 286 1793 326 haec
1818 286 1942 326 deni-

244 367 332 407 que
370 355 416 395 in
449 367 490 406 a,
525 355 571 395 id
605 362 674 396 est
706 355 751 395 in
784 370 829 407 φ,
865 355 1040 407 scripta
1073 363 1178 396 sunt
1212 356 1472 396 secundum
1504 368 1636 397 usum
1671 357 1943 408 posterioris

242 427 503 467 latinitatis:
538 429 562 467 9
603 427 821 477 effugant
857 438 884 466 a
918 446 962 459 z
983 427 1169 477 fugant
1204 427 1250 475 P,
1291 427 1340 466 12
1374 428 1557 478 pridem
1599 440 1626 467 a
1658 447 1702 460 z
1731 428 1869 479 prins
1894 428 1940 467 Ρ.

361 497 461 537 Nec
499 497 543 537 in
583 508 611 538 a
649 509 736 537 nec
781 497 827 536 in
859 498 888 537 P
921 497 1092 536 senarii
1126 497 1330 538 distincti
1364 506 1470 538 sunt
1502 499 1730 545 versibus,
1764 499 1845 539 sed
1879 499 1942 538 in-

243 568 447 614 discreti.
474 580 569 616 ,nec
602 580 716 608 vero
750 568 868 607 haec
902 579 990 607 nec
1024 567 1102 607 illa
1135 568 1349 608 recensio
1384 569 1568 608 videtur
1600 569 1727 609 iacta
1754 581 1857 609 esse
1884 569 1940 609 ab

245 652 300 679 eo
340 639 415 690 qui
449 639 591 680 sciret
625 639 834 679 senarios
867 650 894 678 a
927 650 1067 689 prosa
1100 639 1311 678 oratione
1346 639 1638 689 dignoscere.
1680 652 1722 680 v,
1758 640 1940 690 quidem

244 712 267 750 7
304 711 426 762 quod
457 717 526 750 est
556 710 599 749 in
629 710 663 749 P
691 709 946 748 immiscuit
965 721 1026 757 se,
1053 720 1158 748 cum
1182 716 1382 749 metrum
1406 709 1583 759 flagitet
1606 722 1654 749 se
1678 710 1940 756 sluttnscnz'l,

243 781 394 832 arguit
426 781 577 832 ipsum
610 791 792 831 quoque
826 779 1115 819 recensionis
1147 781 1176 820 P
1211 781 1695 822 auctoremsenarios
1718 781 1942 820 nesciisse

242 852 471 892 scandere
513 857 559 891 et
595 851 767 901 legisse
800 858 1039 901 tamquam
1071 863 1261 902 prosam
1295 852 1568 891 orationem.
1602 851 1818 902 idemque
1853 851 1941 890 dici

242 923 382 971 debet
421 923 478 962 de
516 930 708 962 auctore
748 921 1039 961 recensionis
1078 933 1118 971 a,
1155 922 1200 961 id
1240 929 1310 962 est
1350 937 1395 973 ᾳ.
1437 934 1464 962 a
1505 934 1594 973 quo
1628 934 1716 961 nec
1752 922 1942 962 consilio

242 1005 330 1033 nec
375 993 556 1033 ratione
601 992 813 1032 senarios
858 992 1056 1032 Phaedri
1101 994 1277 1033 solutos
1320 1005 1423 1032 esse
1470 1005 1546 1032 res
1586 993 1686 1044 ipsa
1719 993 1942 1033 declarat.

244 1071 322 1104 aut
368 1064 489 1104 enim
535 1064 793 1104 scandebat
839 1063 924 1103 rite
972 1063 1289 1104 Phaedrianos
1335 1064 1546 1104 senarios
1591 1071 1668 1103 aut
1715 1064 1944 1104 recitabat

242 1142 465 1186 tanquam
507 1147 695 1186 prosam
728 1135 1002 1175 orationem.
1037 1135 1074 1174 si
1107 1144 1329 1185 tanquam
1363 1147 1551 1186 prosam
1587 1135 1860 1183 orationem,
1900 1135 1943 1174 id

244 1207 367 1257 quod
400 1217 488 1256 ego
523 1205 735 1250 arbitror.
771 1206 811 1245 ei
846 1205 889 1245 in
924 1213 1127 1245 mentem
1161 1206 1322 1245 venire
1347 1219 1438 1245 non
1462 1206 1609 1257 potuit
1633 1207 1777 1257 verba
1801 1206 1941 1245 Phae-

243 1277 312 1316 dri
346 1278 558 1317 consulto
592 1277 636 1316 in
669 1289 858 1328 prosam
892 1277 1151 1316 orationem
1188 1284 1388 1323 vertere,
1415 1277 1582 1329 quippe
1608 1289 1727 1328 quae
1754 1279 1793 1316 ei
1820 1285 1944 1316 esset

244 1349 334 1388 iam
372 1360 512 1399 prosa
557 1348 718 1388 oratio.
769 1349 840 1388 sin
872 1349 961 1395 ille,
996 1348 1063 1388 rei
1098 1348 1322 1388 metricae
1356 1348 1557 1388 Phaedri
1588 1349 1779 1399 peritus,
1815 1360 1944 1387 sena-

244 1419 337 1459 rios
382 1419 580 1459 Phaedri
625 1418 710 1458 rite
756 1418 1163 1459 scandisset:sive
1210 1427 1410 1459 metrum
1455 1419 1658 1459 retinere
1705 1419 1943 1463 voluisset,

245 1490 413 1541 ubique
454 1490 740 1540 retinuisset;
781 1490 880 1530 sive
921 1496 1102 1530 mutare
1143 1490 1187 1529 in
1230 1502 1418 1541 prosam
1459 1490 1732 1536 orationem,
1774 1489 1942 1540 ubique

244 1567 484 1601 mutasset.
533 1561 660 1612 atqui
698 1567 914 1600 neutrum
955 1572 1116 1600 eorum
1156 1561 1279 1601 fecit.
1320 1561 1457 1601 modo
1498 1562 1620 1601 enim
1661 1568 1765 1601 sunt
1807 1560 1945 1600 soluti

244 1632 429 1681 senarii,
463 1632 600 1671 modo
635 1639 825 1671 manent
858 1631 1041 1682 integ-ri,
1076 1632 1173 1671 sine
1208 1633 1299 1671 ulla
1334 1632 1514 1671 ratione
1551 1640 1694 1679 certa,
1729 1632 1827 1671 sine
1853 1632 1943 1670 ullo

246 1703 438 1742 consilio
478 1702 703 1742 solvendi.
754 1714 844 1741 non
884 1702 1022 1753 igitur
1062 1703 1209 1742 verba
1249 1702 1291 1741 in
1336 1717 1365 1753 (s
1408 1702 1512 1742 ideo
1545 1709 1722 1742 mutata
1757 1708 1863 1741 sunt
1896 1710 1945 1741 ut

243 1781 441 1813 metrum
491 1774 767 1823 solveretur,
808 1773 890 1812 sed
932 1785 954 1812 e
997 1773 1232 1812 contrario
1275 1785 1379 1813 cum
1420 1774 1567 1813 verba
1603 1782 1734 1813 erant
1767 1780 1946 1812 mutata

243 1851 408 1895 sponte
457 1844 598 1884 fiebat
646 1851 694 1884 ut
742 1850 941 1883 metrum
990 1846 1265 1884 solveretur.
1316 1845 1398 1884 sed
1447 1856 1553 1884 cum
1602 1852 1646 1884 et
1681 1851 1846 1884 auctor
1879 1856 1944 1883 re-

245 1915 478 1955 censionis
531 1916 580 1966 Φ,
636 1927 754 1966 quae
809 1915 995 1966 quidem
1049 1914 1219 1955 indicia
1273 1913 1364 1955 sint
1420 1915 1647 1965 codicum,
1693 1923 1738 1955 et
1782 1922 1946 1954 auctor

243 1986 431 2037 generis
469 2001 501 2037 φ
543 1986 806 2026 Phaedrum
845 1986 909 2026 ita
947 1987 1116 2037 legerit
1155 1986 1287 2037 quasi
1321 1993 1446 2026 esset
1484 1998 1625 2038 prosa
1658 1986 1820 2031 oratio,
1856 1986 1944 2025 hoc

243 2064 401 2097 tamen
443 2057 637 2097 interest
679 2058 801 2108 quod
845 2057 918 2096 ille
959 2058 1106 2097 verba
1147 2056 1346 2096 Phaedri
1385 2057 1631 2109 descripsit
1666 2057 1944 2108 diligentius,

244 2139 333 2179 quo
385 2128 484 2168 fieri
528 2141 619 2168 non
664 2129 811 2180 potuit
859 2128 967 2179 quin
1012 2137 1211 2168 metrum
1256 2128 1406 2179 magis
1447 2136 1828 2175 conservaretur;
1870 2127 1944 2166 hic

245 2207 401 2239 autem
442 2200 771 2250 neglegentius
810 2206 855 2239 et
895 2199 1111 2239 licentius
1151 2199 1306 2250 aliqua
1344 2199 1682 2250 interpolando,
1719 2210 1809 2249 quo
1844 2198 1945 2237 fieri

244 2282 335 2309 non
368 2270 515 2320 potuit
550 2271 657 2321 quin
690 2277 889 2310 metrum
923 2270 1072 2321 magis
1105 2271 1386 2310 turbaretur.
1421 2270 1577 2320 itaque
1612 2282 1653 2309 v,
1680 2270 1729 2308 14
1763 2272 1805 2308 et
1825 2270 1947 2320 quod

244 2344 414 2380 natura
457 2342 646 2380 dederat
679 2341 917 2381 voluisses
949 2341 1057 2393 pati
1090 2342 1119 2382 P
1147 2354 1153 2380 ;
1179 2345 1221 2380 et
1252 2341 1358 2393 pali
1391 2342 1514 2393 quod
1551 2344 1720 2379 natura
1760 2341 1947 2379 dederat

245 2412 479 2451 voluisses
519 2422 559 2460 a,
601 2412 722 2463 quod
761 2412 1044 2463 transposito
1084 2413 1230 2452 verbo
1259 2413 1366 2464 pati
1394 2418 1592 2451 metrum
1626 2412 1827 2451 solutum
1861 2417 1944 2455 est,

244 2482 354 2522 nihil
388 2489 458 2522 est
492 2482 614 2533 quod
638 2483 918 2522 arbitremur
935 2483 1043 2534 pati
1061 2483 1165 2523 ideo
1189 2483 1523 2534 transpositum
1546 2494 1650 2522 esse
1675 2490 1722 2521 ut
1746 2488 1945 2521 metrum

244 2554 520 2601 solveretur,
561 2553 644 2593 sed
682 2553 835 2604 potius
879 2565 1158 2593 censeamus
1192 2554 1300 2605 pate·
1327 2554 1431 2593 ideo
1473 2566 1577 2594 esse
1612 2552 1944 2603 transpositum

244 2636 302 2664 ne
327 2625 415 2663 tria
438 2625 585 2663 verba
608 2623 651 2674 (i.
673 2636 710 2663 e.
734 2623 925 2674 ῥήματα)
950 2625 1137 2663 dederat
1158 2624 1397 2664 voluisses
1417 2625 1522 2675 pati
1541 2624 1943 2666 continuarentur:

246 2695 381 2746 quod,
424 2695 510 2735 etsi
549 2700 650 2734 erat
689 2695 950 2744 molestum,
990 2694 1035 2733 in
1068 2706 1210 2734 versu
1242 2702 1401 2734 tamen
1434 2694 1776 2746 quodammodo
1811 2704 1946 2732 excu-

246 2766 439 2806 sabatur
471 2766 608 2805 metri
641 2765 945 2809 necessitate:
981 2765 1025 2804 in
1058 2776 1199 2816 prosa
1233 2772 1403 2815 autem,
1439 2776 1558 2815 quae
1583 2772 1769 2804 careret
1793 2776 1850 2803 ea
1871 2775 1947 2802 ne-

247 2836 482 2887 cessitate,
517 2837 595 2876 vix
630 2844 730 2876 erat
763 2836 1021 2875 ferendum.
1055 2841 1293 2886 postremo
1308 2847 1374 2874 ne
1398 2835 1582 2874 mireris
1605 2841 1848 2879 auctorem
1871 2845 1946 2884 ge-

245 2907 371 2947 neris
415 2922 447 2958 φ
489 2919 641 2958 neque
688 2907 872 2947 solitum
919 2918 1022 2947 esse
1068 2917 1219 2956 neque
1266 2905 1460 2945 scivisse
1506 2904 1704 2945 Phaedri
1736 2904 1946 2944 senarios
