2152 3229
259 120 331 163 ω’]
974 118 1249 158 prolegomena

258 225 493 276 explicare
543 223 613 263 his
660 222 822 274 paucis
870 223 928 262 ad
975 223 1064 262 hoc
1115 221 1355 262 concessis
1403 220 1511 261 licet
1545 221 1728 272 paginis
1764 244 1811 249 —
1849 232 1954 261 cum

257 296 480 335 similibus
514 293 802 345 quorundam
835 293 1043 333 eiusdem
1068 293 1237 332 aetatis
1260 292 1539 343 scriptorum
1564 291 1789 343 exemplis
1811 293 1955 332 selec-

257 367 314 406 tis
368 364 929 416 comparabimus.quam
976 364 1033 403 ad
1082 362 1484 414 comparationem
1532 362 1650 402 haec
1698 362 1953 414 praecipue

256 437 430 487 scripta
479 435 1046 486 adhibebimuS.quox·um
1093 434 1294 486 paginae
1344 436 1439 484 (aut
1489 433 1659 484 capita)
1699 433 1955 472 secundum

256 508 340 547 has
375 506 602 546 editiones
634 506 980 545 indicabuntur:

375 582 597 629 Apollonii
637 596 680 609 Ξ
722 581 913 618 Historia
947 581 1165 628 Apollonii
1200 580 1319 627 regis
1353 579 1457 627 Tyri
1483 611 1489 617 .
1516 579 1556 616 it.
1592 589 1677 616 rec.
1713 578 1764 615 A.
1799 579 1954 616 RIESE.

259 654 421 701 Lipsiae
460 652 591 689 1893.

376 723 617 771 Eugippius
663 738 706 751 Ξ
754 723 957 770 Eugippii
1016 723 1115 759 Vita
1171 722 1212 761 S.
1266 722 1609 760 Severini.rec.
1660 721 1711 760 H.
1762 720 1954 758 SAUPPE.

260 797 446 833 Beroiini
489 798 610 834 1877.
1882 784 1884 786 ’

377 868 509 915 Greg.
547 868 648 904 Tur.
684 882 727 895 -τ
761 866 964 913 Gregorii
1001 865 1269 902 Turonensis
1303 875 1447 912 opera.
1479 864 1579 902 edd.
1615 864 1684 902 W.
1720 864 1884 900 ARNDT
1918 868 1958 899 et

263 939 334 976 HR.
370 939 569 975 KRL‘sCH.
635 937 913 974 Hannoverae
952 936 1074 973 1884.
1427 983 1435 990 .

377 1010 460 1046 Inc.
509 1009 562 1045 de
611 1008 754 1045 Const.
797 1014 837 1043 et
879 1007 1044 1043 Helena
1084 1021 1128 1034 --
1162 1006 1316 1042 Incerti
1351 1005 1538 1042 auctoris
1581 1005 1633 1042 de
1679 1004 1961 1042 Constantino

260 1081 438 1127 eiusque
471 1086 608 1116 matre.
641 1079 819 1116 Helena.
855 1079 919 1116 ed.
955 1078 1000 1115 E.
1037 1077 1393 1114 HEYDENREICH.
1457 1076 1619 1124 Lipsiae
1657 1076 1783 1114 1879.

377 1151 581 1189 Iordanes
614 1151 658 1178 ’Ξ
692 1150 885 1187 Iordanis
935 1149 1132 1185 Romana
1180 1154 1220 1184 et
1267 1147 1431 1185 Getica.
1475 1158 1560 1185 rec.
1598 1147 1678 1189 TH.
1719 1147 1958 1184 MOMMSEN.

262 1222 451 1259 Berolini
492 1222 614 1259 1882.

378 1293 602 1339 Peregrin.
624 1307 668 1320 Ξ
698 1291 884 1328 »Silviae
908 1291 1177 1338 Aquitanae»
1205 1289 1508 1337 Peregrinatio
1532 1289 1573 1325 in
1597 1290 1691 1325 loca
1710 1294 1871 1325 sancta.
1892 1288 1958 1326 ed.

262 1365 302 1401 it.
325 1365 351 1400 l.
380 1364 423 1401 F.
448 1363 725 1401 GAMURRINI.
751 1363 914 1399 Romae
945 1362 1065 1399 1888.
1092 1361 1312 1408 paginae
1341 1367 1459 1397 sunt
1481 1359 1682 1397 codicis
1704 1359 1958 1395 Arretini.

381 1434 634 1471 Ps-Hieron.
686 1434 798 1470 hom.
834 1447 877 1461 z
911 1432 1244 1479 Ps-Hieronymi
1289 1431 1466 1469 homilia
1504 1431 1558 1468 ad
1600 1431 1848 1468 monachos.
1895 1429 1961 1466 ed.

260 1507 428 1549 MHJNE,
464 1506 613 1552 patrol.
649 1504 784 1541 XXX.
820 1503 999 1540 Parisiis
1038 1503 1160 1540 1846.

379 1576 609 1613 Salvianus
642 1591 685 1604 :-
720 1574 912 1620 salviani
958 1574 1210 1621 Presbyteri
1258 1573 1544 1610 Massiliensis
1577 1572 1675 1609 libri
1709 1572 1780 1619 qui
1815 1582 1961 1619 super-

261 1654 368 1685 sunt.
404 1658 490 1685 rec.
527 1647 572 1685 C.
609 1647 760 1684 HALM.
798 1645 985 1682 sserolini
1026 1645 1150 1681 1877.

380 1719 490 1756 X'ict.
526 1718 611 1755 X'it.
646 1732 690 1745 z
724 1717 914 1753 Victoris
951 1716 1141 1753 X'itensis
1170 1716 1349 1753 historia
1365 1715 1687 1766 persecutionis
1710 1714 1957 1751 Africanae.

265 1801 349 1827 rec.
387 1790 442 1826 M.
478 1789 782 1825 PETSCHENIG.
820 1787 1094 1824 Vindobona?
1133 1787 1255 1824 1881.

381 1856 555 1906 Quibus
605 1866 709 1894 cum
754 1854 880 1893 libris
932 1866 988 1893 ea
1037 1865 1155 1904 quae
1205 1864 1360 1892 sermo
1408 1852 1609 1892 Phaedri
1656 1852 1793 1892 soluti
1834 1852 1900 1902 (φ)
1936 1862 1963 1891 a

262 1927 473 1966 Phaedro
522 1938 614 1966 non
648 1926 798 1965 soluto
833 1923 904 1974 (eb)
941 1924 1179 1975 discrepat
1212 1924 1311 1964 sive
1346 1923 1599 1974 scriptione
1635 1933 1964 1975 comparamus

263 1998 361 2038 sive
396 1996 708 2037 declinatione
743 1996 842 2036 sive
878 1995 1228 2035 constructione
1248 1995 1514 2045 verborum,
1538 1994 1751 2034 videmus
1773 1994 1863 2033 hoc
1886 2004 1963 2044 ge-

262 2081 347 2108 nus
380 2068 578 2108 Phaedri
612 2067 761 2117 soluti,
797 2067 853 2106 de
888 2079 977 2118 quo
1012 2078 1135 2106 nunc
1170 2065 1449 2117 quaerimus,
1485 2065 1651 2105 eadem
1684 2064 1782 2104 iere
1806 2070 1963 2104 aetate

263 2151 354 2190 qua
402 2139 561 2190 scripti
609 2146 715 2179 sunt
760 2138 804 2178 hi
837 2137 952 2188 libri,
989 2149 1105 2189 quos
1146 2137 1523 2177 enumeravimus
1555 2135 1780 2187 proxime,
1814 2135 1859 2175 id
1894 2140 1964 2175 est

264 2212 454 2251 saeculo
502 2218 691 2250 nostrae
736 2221 876 2249 aerae
912 2208 1070 2260 quinto
1105 2215 1316 2258 sextove,
1352 2206 1574 2247 extitisse.
1610 2217 1726 2257 quas
1758 2206 1966 2257 singulas

265 2281 492 2321 sermonis
525 2280 846 2320 similitudines
882 2286 1212 2331 comparantes
1244 2290 1366 2318 nunc
1402 2278 1765 2318 consideremus.

953 2511 1275 2557 SCRIPTIO.

386 2634 422 2674 E
471 2646 554 2686 pro
611 2634 700 2674 ΑΕ.
751 2650 773 2674 :1
825 2642 860 2675 o.
903 2639 917 2674 1
960 2650 1014 2685 ip.
1053 2634 1094 2682 4)
1127 2638 1287 2684 sepius,
1324 2648 1362 2673 w
1396 2637 1436 2673 V
1469 2636 1506 2674 2.
1551 2637 1574 2671 5
1611 2632 1666 2682 (sp.
1704 2631 1775 2680 54)
1812 2634 1962 2679 ledere,

274 2710 322 2746 10
372 2714 569 2756 querunt,
621 2720 659 2745 w
709 2709 746 2745 X*
784 2709 820 2746 0.
857 2709 880 2744 5
916 2706 973 2755 (p.
1007 2706 1070 2742 581
1100 2709 1300 2755 predam,
1336 2718 1360 2744 a
1395 2708 1461 2744 44.
1499 2707 1521 2743 6
1557 2703 1612 2753 (p.
1646 2704 1707 2751 34)
1744 2705 1889 2743 cedere
1921 2718 1965 2732 =

269 2780 467 2821 caedere,
503 2792 525 2816 a
562 2780 627 2817 43.
666 2782 688 2816 o
728 2778 784 2826 (p.
818 2776 882 2824 32])
918 2784 1127 2823 eternum,
1153 2790 1177 2815 a
1195 2779 1264 2815 51.
1290 2779 1335 2815 11
1362 2774 1418 2825 (p.
1438 2775 1501 2825 34)
1521 2779 1615 2815 leva
1632 2791 1677 2805 Ξ
1695 2778 1832 2822 laeva,
1853 2786 1877 2812 a
1896 2774 1963 2811 43.
1985 2794 1991 2799 ·

276 2850 324 2886 12
362 2862 416 2896 lp.
451 2848 513 2895 32>
533 2851 788 2897 penitentes,
811 2862 848 2886 w
878 2850 911 2886 V
938 2851 975 2887 2.
999 2850 1019 2885 7
1043 2847 1097 2896 (p.
1115 2847 1178 2896 54)
1199 2849 1500 2896 penitentiam.
1522 2867 1578 2871 —
1594 2845 1966 2894 peregrinationis
1988 2862 1992 2864 ·
