2152 3229
818 178 906 218 Cap.
934 177 979 208 II.
1030 176 1256 216 Degenere
1281 184 1310 216 φ

213 288 345 326 Canis
367 288 613 335 parturiens
638 287 822 332 rogabat
845 287 1023 322 alteram

213 435 258 466 ut
275 430 319 466 in
337 430 430 465 eius
446 429 588 465 cubile
604 432 837 475 exponeret
850 427 1023 463 foetum.

212 501 270 537 At
305 501 377 537 illa
409 500 581 547 roganti
615 498 828 536 concessit
860 498 1024 544 ingres-

330 581 439 607 sum.
494 581 590 606 cum
639 580 744 606 vero
792 573 1024 615 exponeret

332 647 515 689 partum.

214 712 370 749 deinde
418 713 573 748 iterum
621 709 805 756 rogabat
842 715 887 744 ut
926 718 1023 744 cum

332 782 483 822 catulis
506 781 595 817 suis
618 781 704 816 iam
721 779 858 816 firmis
875 780 1021 815 exiret.

214 924 286 960 illa
325 923 497 970 roganti
535 933 621 959 non
653 921 700 965 (Β
721 933 727 958 :
747 923 826 959 lzoc
859 925 895 963 a>
930 932 1024 957 con-

1799 168 1907 196 XXIII

1101 284 1221 321 canis
1271 283 1517 330 parturiens
1565 291 1663 317 cum
1710 284 1909 326 rogasset

1217 355 1397 390 alteram

1100 431 1146 461 ut
1163 425 1296 461 fetum
1315 424 1358 460 in
1377 424 1470 460 eius
1483 423 1658 469 tugurio
1674 421 1909 468 deponeret

1100 496 1227 531 facile
1272 494 1503 541 inpetravit
1532 492 1721 529 ‘deinde
1765 502 1910 538 repos-

1166 584 1168 586 *
1218 565 1330 601 centi
1369 566 1512 601 locum
1821 565 1824 567 ’

1098 646 1252 683 preces
1270 635 1492 671 admonuit
1509 640 1678 680 tempus
1697 642 1880 669 exorans
1900 638 1906 644 ·

1216 706 1349 742 breve

1099 777 1200 814 dum
1267 776 1482 813 firmiores
1550 775 1714 811 catulos
1767 778 1911 820 posset

1217 848 1400 884 ducere'

1100 920 1180 956 hoc
1241 925 1391 966 quoq·
1430 921 1653 953 consumto
1712 915 1911 961 flagitare

1222 989 1409 1026 validius

1105 1061 1247 1098 cubile
1281 1060 1421 1106 coepit
1454 1059 1526 1095 illa
1558 1058 1593 1094 si
1627 1057 1731 1093 mihi
1766 1063 1806 1093 et
1827 1062 1910 1092 tur-

334 994 475 1030 cessit.
538 993 673 1030 Paulo
705 998 800 1040 post
832 996 1026 1039 tempore

334 1065 406 1101 illa
430 1065 570 1111 coepit
594 1064 735 1100 cubile
757 1073 883 1100 suum
907 1073 1026 1110 repe-

1219 1132 1301 1167 bae
1334 1140 1457 1167 meae

1100 1213 1180 1250 par
1219 1202 1356 1249 inquit
1396 1211 1491 1237 esse
1517 1195 1720 1247 'potueris
1760 1198 1911 1234 cedam

331 1142 434 1172 tere.
490 1120 530 1171 et
579 1145 738 1181 cogere
786 1135 903 1170 illam
952 1134 1026 1170 mi-

332 1217 462 1253 grare
489 1236 494 1242 .
516 1212 556 1242 et
580 1206 653 1242 illa
676 1216 700 1242 a
723 1195 946 1241 sto⁰macho
970 1205 1028 1240 ait

331 1277 443 1322 Quid
476 1282 517 1313 te
549 1276 699 1313 turbas
723 1286 820 1312 cum
845 1276 1025 1311 iniuria?
1217 1274 1334 1309 loco·

335 1347 379 1384 Si
423 1347 527 1384 mihi
574 1353 614 1383 et
645 1347 799 1383 turbae
832 1346 1025 1383 occurris

334 1424 406 1455 aut
443 1419 478 1454 si
514 1428 559 1454 es
592 1418 742 1454 fortior
774 1417 899 1453 nobis
932 1416 1025 1453 red-

333 1489 430 1525 dam
463 1490 605 1526 locum
638 1489 728 1525 tibi.

332 1579 512 1618 Fabula
544 1579 684 1629 igitur
715 1590 737 1618 r
770 1578 787 1618 I
819 1580 844 1618 9
880 1584 928 1617 ut
962 1577 1144 1617 videtur
1167 1588 1270 1616 esse
1294 1573 1594 1627 paraphrasis
1616 1572 1827 1621 Phaedri,
1850 1571 1913 1611 ita

216 1651 316 1690 eius
348 1653 497 1690 verba
530 1651 754 1701 pleraque
789 1649 976 1699 longius
1014 1648 1187 1688 distant
1227 1660 1253 1687 a
1287 1646 1337 1697 Φ,
1370 1647 1396 1686 i.
1432 1660 1470 1685 e.
1504 1645 1578 1684 ΡΙ
1607 1645 1670 1695 19,
1699 1654 1835 1694 quam
1865 1649 1913 1682 ut

216 1734 273 1761 ex
306 1733 330 1762 ι’
364 1722 463 1760 solo
493 1720 705 1761 senarios
727 1719 945 1771 pristinos
968 1719 1166 1758 Phaedri
1191 1730 1355 1758 eruere
1380 1717 1620 1769 possimus.
1647 1714 1768 1766 quod
1790 1712 1913 1753 idem

218 1792 341 1841 cadit
373 1792 418 1831 in
450 1792 538 1831 hoc
573 1802 722 1842 genus
754 1805 786 1830 π
814 1790 1096 1830 universum.

290 1923 297 1931 .
337 1886 510 1936 Quodsi
545 1897 635 1937 qua
667 1885 826 1925 fabula
857 1884 1046 1936 generis
1077 1898 1109 1923 π
1139 1890 1267 1923 extat
1299 1882 1442 1922 variis
1474 1881 1614 1927 libris,
1650 1892 1791 1931 saepe
1816 1890 1915 1918 ver-

218 1957 277 1997 ba
311 1957 401 1996 alia
435 1956 536 1996 aliis
568 1956 696 1996 libris
728 1955 1023 2007 reperiuntur
1057 1966 1160 1994 esse
1195 1960 1398 2003 servata,
1435 1965 1490 1992 ac
1519 1963 1679 1991 rursus
1702 1951 1802 1991 aliis
1825 1950 1916 1990 alia

218 2034 409 2077 mutata,
445 2034 664 2078 serpente
703 2038 787 2078 per
825 2026 952 2066 rivos
992 2027 1069 2065 vel
1110 2026 1376 2076 corruptela
1415 2025 1491 2063 vel
1529 2022 1737 2063 mutandi
1775 2021 1916 2073 pruri-

217 2098 337 2149 gine.
379 2098 683 2149 quamobrem
717 2098 754 2137 si
789 2097 919 2137 cuius
951 2097 1139 2136 fabulae
1173 2096 1480 2146 archetypum
1513 2096 1559 2143 R,
1592 2094 1637 2134 id
1671 2100 1741 2134 est
1772 2093 1917 2132 Aeso-

219 2181 329 2220 pum
375 2169 433 2208 ad
471 2168 652 2219 Rufum,
694 2168 946 2208 restituere
986 2166 1250 2218 contigerit,
1292 2166 1413 2217 quod
1452 2165 1637 2217 quidem
1678 2164 1917 2214 continget

217 2239 462 2287 interdum,
508 2239 715 2279 acl-eam
762 2239 956 2279 subinde
1005 2237 1335 2290 perveniemus
1383 2236 1642 2276 orationem
1691 2247 1809 2286 quae
1859 2234 1917 2274 ad

218 2310 481 2349 Phaedrum
524 2309 713 2361 propius
758 2309 958 2350 accedat
991 2320 1130 2360 quam
1162 2308 1310 2348 verba
1342 2307 1648 2358 posteriorum
1680 2306 1916 2346 librorum.

223 2368 461 2420 conemur*
494 2380 695 2431 exempli
745 2392 889 2420 causa
936 2379 1122 2420 fabulae
1165 2391 1208 2418 w
1242 2379 1285 2418 V
1320 2379 1342 2418 7
1378 2390 1399 2417 1·
1430 2377 1448 2417 Ι
1486 2378 1501 2417 1
1546 2378 1853 2428 archetypum
1885 2377 1917 2416 R

220 2450 468 2490 restituere
503 2457 548 2490 et
583 2462 687 2490 cum
722 2451 759 2489 Φ
793 2462 1089 2502 comparare:

625 2599 898 2645 PVLLVS
930 2599 1026 2644 AD
1058 2599 1519 2646 MARGARITAM

579 2688 628 2727 R.

220 2773 266 2810 In
302 2774 573 2821 sterquilinio
606 2774 749 2820 pullus
777 2772 1036 2820 gallinacius

224 2844 326 2881 dum
351 2845 521 2891 quaerit
543 2855 689 2881 escam
711 2844 903 2891 repperit
924 2853 1034 2879 mar-

347 2915 547 2962 garitam.

1401 2683 1515 2724 ΦΠΙ
1540 2685 1640 2724 12Ρ

1110 2771 1156 2808 111
1179 2771 1449 2818 sterquilinio
1472 2772 1613 2818 pullus
1632 2770 1890 2817 gallinacius
1909 2775 1916 2782 ·

1109 2841 1211 2878 dum
1265 2838 1464 2888 qu(a>erit
1511 2847 1682 2877 escam-‘¹'
1709 2840 1919 2887 margari-

1227 2918 1315 2948 tam
1348 2913 1562 2959 repperit·
