2152 3229
176 1596 262 1626 ’10

738 845 771 884 φ
804 825 836 871 1.
903 840 931 872 a
952 827 993 872 4.
1058 826 1195 872 iios
1230 826 1315 871 ET
1348 827 1550 873 RANA.

291 947 393 987 Mus
426 958 516 999 quo
550 947 749 987 transire
784 947 1101 999 posset-facili
1136 981 1173 988 ..
1208 948 1377 988 flumen

291 1017 421 1070 petiit
454 1030 599 1059 ranae
634 1019 857 1059 auxilium
888 1018 971 1059 Illa
1002 1018 1251 1071 posteriori
1286 1020 1407 1059 cruri
1441 1032 1524 1060 suo

290 1089 383 1129 lino
418 1089 579 1140 alligat
612 1090 780 1142 pedem
814 1089 1020 1142 priorem
1054 1089 1196 1130 muris

292 1168 337 1201 et
370 1167 590 1216 natantes
621 1168 854 1201 venerunt
887 1161 932 1201 in
964 1161 1117 1201 medio
1152 1173 1364 1202 amnem·

244 1241 258 1269 f
290 1231 469 1272 Mutata
502 1232 591 1272 fide
626 1232 877 1272 submersit
911 1244 961 1272 se
994 1244 1111 1272 rana

291 1309 337 1342 et
370 1303 513 1354 traxit
546 1314 707 1343 secum
742 1304 826 1343 sub
861 1303 993 1354 aquis
1026 1303 1254 1343 soricem·

292 1374 392 1424 Quo
426 1380 609 1414 mortuo
643 1374 858 1425 surgiens
892 1385 997 1414 cum
1032 1374 1337 1415 fluctuaretur

291 1445 534 1496 conspexit
566 1445 793 1496 praedam
825 1445 994 1499 miluus
1028 1447 1219 1486 volans·

289 1528 418 1556 mure
452 1523 587 1568 rapto
621 1516 935 1567 comitemque
968 1528 1132 1556 ranam
1166 1517 1382 1557 abstulit·

289 1587 473 1627 Perfida
505 1599 625 1639 quae
660 1587 804 1628 vitam
837 1587 971 1627 alteri
1109 1595 1224 1628 erat.

288 1657 496 1709 Experto
536 1658 669 1699 simul
712 1658 839 1699 exitu
872 1659 975 1712 ipsu
1010 1666 1290 1714 consumpta
1325 1668 1395 1701 est

289 1729 365 1779 qui
397 1737 570 1770 nocent
604 1730 707 1770 aliis
741 1762 866 1770 .....
902 1730 1124 1771 terimunt
1214 1719 1221 1725 ’

407 1857 633 1892 Adnotatio.
685 1857 777 1893 Hic
817 1857 976 1894 debeo
1017 1859 1263 1896 lectorem
1304 1859 1579 1895 certiorem
1620 1859 1804 1903 facere,
1850 1869 1991 1905 quae-

289 1919 485 1956 cunque
528 1910 676 1946 metri
719 1911 945 1946 restituti
990 1911 1258 1948 inclinatis
1302 1912 1489 1949 litteris
1533 1912 1731 1959 scripta
1777 1917 1903 1955 sunt,
1937 1922 1992 1947 ea

288 1973 384 1998 non
413 1973 524 1999 esse
553 1963 779 2010 antiquis
808 1964 955 2000 libris
982 1964 1185 2010 tradita,
1214 1966 1301 2002 sed
1329 1971 1662 2002 correcturas
1690 1970 1773 2002 aut
1798 1965 1991 2002 coniec-

288 2022 428 2052 turas
457 2027 606 2053 meas.
635 2027 745 2063 quae
773 2027 856 2063 quo
884 2017 1051 2054 facilius
1080 2018 1132 2054 ab
1160 2018 1241 2055 illis
1270 2029 1380 2066 quae
1408 2019 1640 2066 antiquitus
1667 2018 1822 2055 tradita
1850 2024 1992 2055 essent

289 2069 647 2115 discernerentur,
675 2070 835 2116 scripta
862 2076 960 2107 sunt
987 2070 1160 2108 diverso
1189 2082 1351 2118 genere
1378 2072 1629 2108 litterarum.

405 2122 636 2159 Praeterea
669 2124 803 2159 semel
837 2134 1147 2169 commemoro,
1182 2135 1465 2172 quaecunque
1492 2125 1602 2161 sine
1643 2124 1871 2161 auctoris
1912 2134 1988 2160 no-

288 2176 418 2212 mine
451 2176 493 2212 in
520 2176 586 2213 his
613 2176 768 2213 fabulis
795 2178 991 2224 suppleta
1020 2184 1091 2215 aut
1119 2184 1316 2215 correcta
1343 2185 1452 2222 sunt,
1480 2190 1530 2215 ea
1558 2189 1626 2215 me
1653 2178 1923 2225 supplevisse
1950 2185 1990 2213 et

288 2230 539 2266 correxisse.
575 2240 838 2277 quamquam
871 2231 1054 2268 fortasse
1081 2232 1295 2268 interdum
1325 2243 1393 2268 ine
1420 2233 1622 2279 fugerunt
1650 2232 1833 2268 aliorum
1861 2231 1988 2267 corri-

288 2283 481 2329 gentium
509 2283 696 2319 nomina.

404 2336 699 2382 Promythia
741 2338 879 2373 nulla
921 2343 1035 2374 sunt
1077 2338 1124 2374 in
1164 2349 1198 2383 a,
1231 2349 1340 2385 quae
1371 2340 1516 2375 omnia
1547 2339 1604 2375 ibi
1636 2339 1748 2375 facta
1778 2344 1875 2374 sunt
1906 2337 1988 2384 epi-

286 2390 459 2436 mythia.
489 2400 672 2436 quorum
693 2401 803 2437 quae
827 2390 869 2426 in
892 2393 922 2425 Φ
941 2391 1096 2427 fuerint
1115 2391 1360 2438 epimythia,
1381 2403 1490 2439 quae
1509 2392 1766 2439 promythia,
1785 2391 1987 2438 quoniam

286 2444 453 2489 ignom,
480 2443 583 2479 nihil
611 2453 778 2479 moveo.

407 2496 621 2532 Versuum
664 2497 692 2537 1,
735 2497 787 2539 10,
830 2496 872 2532 12
903 2498 1134 2533 nonnullae
1161 2498 1326 2534 litterae
1354 2505 1631 2544 evanuerunt,
1660 2509 1842 2546 quarum
1869 2498 1989 2534 locos

285 2550 453 2596 punctis
500 2550 656 2585 notavi.
709 2560 914 2586 versuum
962 2557 1104 2587 autem
1155 2552 1188 2597 4,
1226 2552 1258 2594 6,
1295 2552 1328 2597 8,
1365 2553 1402 2588 11
1444 2553 1611 2589 litterae
1655 2552 1886 2588 nonnullae
1930 2551 1987 2586 ita

285 2609 383 2638 sunt
415 2602 624 2638 evanidae
658 2608 701 2638 ut
734 2609 875 2639 tamen
911 2604 1053 2650 aliqua
1086 2615 1235 2641 earum
1269 2612 1428 2642 restent
1460 2606 1656 2652 vestigia.
1689 2605 1766 2641 sed
1797 2604 1987 2640 incertae

286 2656 481 2692 lectionis
510 2686 516 2691 .
546 2657 661 2702 quod
688 2656 858 2703 punctis
885 2658 1116 2704 suppositis
1143 2659 1300 2694 notavi.

403 2709 453 2745 V
479 2710 514 2745 4.
543 2709 677 2745 medio
699 2720 734 2755 a,
754 2710 916 2746 :medm
936 2721 986 2750 a...
1009 2732 1050 2735 ——
1069 2712 1849 2759 '7-Q110111021‘110‘1Qu(111101lncla2.
1871 2731 1912 2735 —
1932 2710 1985 2746 ib.

284 2762 484 2807 ,51031015
518 2774 553 2808 ¹1,
573 2773 697 2807 :surg
692 2763 739 2798 ›1·t
771 2774 820 2808 ‘'2¹-
848 2784 893 2787 ——
919 2765 954 2798 8.
989 2763 1146 2799 miluus
1173 2764 1455 2810 trisyllabum
1482 2776 1519 2801 v
1549 2765 1613 2801 ad.
1642 2765 1724 2801 fab
1752 2763 1873 2800 XXV
1878 2763 1924 2800 ΙΙ.
1952 2764 1985 2799 3

284 2837 328 2839 —
357 2791 623 2851 10.altef¹111zs-
651 2790 913 2862 pssenusthna
939 2816 1072 2860 brevi
1100 2823 1144 2853 ut
1173 2822 1204 2853 Φ
1231 2817 1290 2853 IV
1315 2819 1347 2854 9.
1374 2818 1407 2863 2
1436 2818 1494 2854 ΙΙΙ
1524 2819 1575 2855 10.
1595 2820 1651 2855 55.
1673 2841 1714 2844 —
1735 2817 1985 2854 11.e1·it111m

285 2868 587 2915 scripsi1ex-'ztn
621 2881 655 2904 ;.ι
690 2891 731 2894 -
762 2870 811 2905 cf
839 2869 1011 2905 (fuscum
1041 2871 1072 2903 Φ
1099 2869 1115 2905 Ι
1141 2870 1196 2906 31.
1224 2870 1258 2911 ‘2
1288 2873 1319 2905 ‹J›
1345 2871 1381 2907 II
1408 2872 1595 2908 918.-
1624 2872 1676 2908 ib.
1697 2872 1984 2919 z'ps-ns's‘npla:
