2152 3229
107 1628 147 1659 10

437 853 469 898 I.
538 853 671 900 MUS
706 852 792 897 ET
826 852 1026 897 RANA.
1091 856 1290 895 stletrmn
1325 856 1601 895 restz'tntmn.

171 974 274 1015 Mus
307 987 395 1026 quo
428 975 627 1015 transire
660 981 820 1026 posset
854 974 1024 1014 flumen
1057 973 1288 1025 facili[us]‚

172 1046 408 1086 Auxilium
440 1045 572 1097 petiit
603 1057 748 1086 ranae
783 1079 790 1086 .
826 1058 940 1097 qnae
975 1045 1098 1085 cruri
1130 1057 1214 1085 suo
1256 1094 1262 1100 ἢ

172 1117 381 1157 Priorem
413 1117 556 1157 muris
590 1117 751 1168 alligat
783 1117 874 1156 lino
908 1117 1091 1168 pedem.

175 1188 310 1239 [Una]
344 1194 563 1228 natantes
595 1188 799 1228 medium
831 1188 876 1227 in
910 1199 1096 1227 amnem
1130 1192 1374 1234 venerant,

175 1258 323 1311 [Cum]
358 1271 408 1299 se
442 1260 693 1299 submersit
726 1271 841 1299 rana
875 1265 1055 1299 mutata
1087 1258 1176 1298 fide

176 1330 459 1382 [Captivum]
494 1337 539 1370 et
571 1331 713 1371 traxit
745 1342 907 1371 secum
941 1331 1025 1370 sub
1059 1342 1207 1381 aquas
1240 1329 1452 1370 soricem.

172 1400 263 1450 Qui
292 1401 431 1454 [post]
468 1413 573 1441 cum
606 1413 806 1452 surgens
838 1401 1093 1441 fluctuaret
1120 1407 1348 1451 mortuns,

174 1471 403 1512 Praedam
435 1474 602 1512 volans
636 1473 880 1524 Conspexit
915 1473 1075 1524 [illam]
1110 1469 1277 1512 millius

174 1542 510 1595 Comitemque,
544 1550 678 1595 rapto
712 1555 859 1591 mure,
889 1555 1054 1584 ranam
1089 1543 1274 1595 [ipsam]
1310 1542 1512 1582 abstulit.

177 1613 279 1665 [Ita]
315 1626 433 1665 quae
470 1614 781 1666 [prodid]erat
813 1614 958 1655 vitam
992 1613 1191 1654 alterius
1223 1613 1414 1665 perfida,

176 1684 383 1736 Experta
419 1685 612 1725 exitium
648 1686 718 1738 [et]
754 1686 870 1737 ipsa,
906 1692 1186 1736 consumpta
1220 1691 1290 1725 est
1324 1684 1471 1724 simul.

177 1755 294 1796 Aliis
320 1762 544 1796 nocentes
581 1756 765 1821 [scelere
796 1769 847 1796 se
879 1756 1169 1809 in]terimunt
1204 1755 1341 1808 [εικῆ.

177 1883 239 1920 sie
266 1893 349 1929 ego
380 1883 541 1920 codicis
568 1884 731 1921 litteras
758 1884 965 1920 evanidas
992 1884 1094 1929 legi:
1124 1883 1266 1930 ipsum
1293 1882 1383 1919 ulta
1410 1882 1556 1918 Nummi*
1581 1887 1620 1917 et
1644 1880 1790 1917 Tffimn
1809 1879 1879 1916 du-

177 1937 373 1973 bitanter.

294 1989 538 2026 Laciniae
559 1990 882 2027 senariorum
902 1991 946 2026 in
967 2001 1005 2026 a:
1037 1990 1051 2026 1
1073 1990 1170 2026 Mus
1188 2000 1269 2035 qno
1288 1988 1472 2025 transire
1488 1990 1631 2034 posset
1649 1987 1680 2018 L
1702 2009 1722 2012 —
1739 1986 1770 2017 L
1796 2010 1819 2021 o
1842 2008 1880 2023 -,

177 2044 201 2080 6
228 2067 251 2078 υ
273 2065 295 2069 -
326 2046 365 2079 et
388 2043 519 2079 traxit
542 2054 685 2079 secum
711 2044 790 2079 snb
818 2054 956 2089 aquas
981 2043 1168 2080 soricem.

297 2096 534 2143 Vestigia
561 2097 812 2144 pristinae
840 2096 1087 2133 dictionis
1115 2097 1161 2132 in
1190 2107 1214 2132 a
1240 2096 1271 2132 4.

297 2149 538 2186 Nonnullae
563 2160 695 2187 voces
723 2150 893 2186 fabulae
921 2161 945 2186 a
970 2151 993 2186 4
1020 2161 1118 2186 eum
1145 2150 1228 2187 sint
1255 2159 1508 2185 communes
1527 2148 1756 2184 universae
1776 2146 1878 2182 anti-

182 2203 344 2250 quioris
369 2203 599 2247 latinitatis,
625 2209 770 2239 tamen
797 2214 901 2240 casu
927 2203 1055 2240 hodie
1082 2203 1124 2239 in
1154 2205 1185 2238 Φ
1210 2213 1297 2239 non
1315 2202 1607 2249 reperiuntur:
1628 2200 1711 2236 lino
1730 2202 1881 2236 natan-

181 2260 242 2293 tes
266 2256 493 2292 submersit
517 2257 694 2293 soricem
708 2257 946 2303 fluctuaret
969 2266 1156 2301 surgens
1186 2255 1474 2301 [in]terimzmt.

302 2309 394 2346 Hae
427 2315 570 2346 autem
602 2311 839 2347 locutiones
871 2321 1003 2347 voces
1035 2321 1280 2356 vocumque
1307 2309 1645 2355 significationes
1673 2312 1816 2343 extant
1843 2312 1883 2341 et

184 2366 226 2401 in
262 2375 285 2400 a
310 2363 333 2399 4
359 2368 400 2399 et
426 2364 467 2399 in
497 2366 543 2400 Φ;
571 2374 669 2399 mus
694 2374 806 2400 rana
832 2363 1016 2400 transire
1037 2366 1182 2410 posset
1195 2363 1364 2409 flumen
1393 2361 1602 2398 anxilimn
1628 2360 1745 2407 petiit
1769 2359 1886 2396 cruri

183 2417 368 2465 priorem
400 2416 554 2460 alligat
581 2416 731 2462 pedem
757 2419 923 2453 mutata
939 2417 1032 2463 fide
1057 2416 1188 2453 traxit
1212 2419 1408 2452 mortuns
1434 2414 1649 2462 conspexit
1674 2413 1882 2460 praedam

119 2515 122 2518 Δ
185 2470 344 2507 mimus
369 2473 491 2516 rapto
519 2468 692 2505 abstulit
715 2469 868 2505 volans
893 2470 1086 2505 comitem
1108 2469 1274 2516 pezfnta
1301 2469 1435 2506 vitam
1463 2468 1640 2504 alterius
1666 2466 1884 2512 [praetime-

185 2527 254 2561 rat
278 2525 449 2570 experta
475 2522 606 2558 snnnl
630 2525 881 2568 consmaszpta
908 2525 969 2558 est
993 2525 1141 2559 nocent
1165 2522 1261 2559 aliis
1286 2524 1493 2558 venerant
1518 2521 1560 2557 in
1587 2520 1774 2556 medium
1794 2530 1882 2555 am-

185 2588 280 2614 nem
306 2587 447 2613 secum
473 2576 551 2612 snb
579 2586 725 2621 aquas.
752 2596 799 2600 -—
827 2575 841 2610 1
871 2586 951 2620 quo
968 2575 1146 2620 facilins
1171 2591 1203 2604 Ν
1231 2578 1263 2610 Φ
1289 2575 1348 2611 IV
1373 2575 1430 2611 22.
1458 2575 1481 2610 3
1498 2573 1777 2620 quosacilins.
1798 2593 1843 2597 —
1861 2572 1884 2608 ‘2

186 2630 395 2667 auxz'lz'mn
426 2629 543 2675 petiit
573 2638 708 2664 ranae
733 2644 763 2656 Ν
793 2630 824 2663 Φ
850 2627 908 2664 IV
933 2628 966 2663 4.
992 2628 1015 2663 4
1041 2627 1251 2664 auxiliznn
1273 2627 1393 2674 petiit
1417 2627 1612 2664 hominis.
1642 2647 1683 2651 —
1710 2626 1732 2662 4
1758 2625 1884 2661 medi—

186 2695 259 2720 nm
277 2683 320 2719 in
338 2693 509 2719 amnem
528 2698 560 2711 Ν
580 2685 611 2717 Φ
629 2692 724 2728 app.
742 2682 775 2717 5.
794 2681 815 2716 7
833 2680 876 2716 in
895 2691 1021 2716 amne
1039 2680 1184 2716 medio.
1212 2702 1254 2706 —
1273 2681 1296 2717 6
1312 2681 1390 2717 snb
1410 2691 1547 2725 aquas
1565 2696 1609 2709 z
1628 2679 1706 2716 sul)
1728 2689 1881 2725 aquam

186 2755 217 2767 Ν
251 2741 282 2773 Φ
315 2747 408 2783 app.
441 2737 474 2771 3.
512 2736 553 2771 10
586 2745 723 2781 aquas
755 2750 784 2762 Ν
819 2745 987 2780 aquam.
1021 2755 1064 2758 m
1091 2734 1113 2769 9
1139 2733 1412 2778 comitemque
1438 2743 1593 2769 ranam
1621 2748 1651 2760 Ν
1680 2735 1711 2767 Φ
1738 2731 1754 2767 Ι
1784 2731 1836 2767 11.
1863 2732 1886 2766 3

187 2789 315 2826 asello
348 2789 504 2826 comite.
534 2810 573 2814 —-
602 2789 656 2825 ib.
683 2787 856 2824 abstulit
881 2786 1118 2833 (praedam)
1144 2804 1175 2817 Ν
1204 2791 1235 2822 Φ
1262 2786 1278 2822 Ι
1303 2787 1406 2822 5:11
1434 2792 1654 2832 totamque
1676 2784 1884 2830 praedam

190 2874 195 2880 .
226 2873 231 2879 .
259 2842 441 2879 abstulit.
468 2863 513 2867 —
542 2842 581 2877 11
611 2843 782 2887 experta
809 2840 981 2876 exitium
1010 2856 1054 2869 z
1080 2850 1208 2886 passa
1236 2840 1409 2876 exitium
1437 2855 1467 2868 Ν
1489 2842 1520 2875 Φ
1540 2839 1555 2874 Ι
1573 2839 1607 2875 3.
1632 2839 1672 2874 15
1690 2840 1887 2884 expertus

189 2896 504 2941 contumeliam,
528 2897 559 2930 Φ
580 2906 674 2942 app.
699 2894 750 2930 18.
775 2894 817 2929 17
836 2893 943 2929 haec
965 2893 1167 2938 experiris
1187 2892 1473 2929 incommoda.
1490 2913 1531 2917 —-
1558 2892 1612 2928 ib.
1634 2893 1886 2937 consumpta
