2152 3229
758 219 846 259 Cap.
874 218 919 250 ΙΙ.
970 219 1025 250 De
1054 228 1196 259 genere
1222 228 1251 260 φ
1732 218 1856 245 XXXV

156 321 263 372 legi.
312 321 423 361 item
468 334 510 361 v.
547 323 585 372 6,
628 322 651 361 7
685 322 730 362 in
764 333 791 364 a
825 329 929 362 sunt
968 322 1165 362 hominis
1199 322 1459 363 orationem
1493 334 1632 375 quarn
1664 335 1756 363 non
1795 323 1857 363 in-

157 393 412 443 tellegebat
461 392 776 444 depravantis.
829 417 880 420 *—
929 394 953 433 9
995 394 1182 433 iniuriis
1215 394 1491 434 a11'm'm'z'as
1524 394 1570 446 P,
1604 395 1710 445 lege
1745 394 1857 434 litiu-

157 463 242 503 νῑά.
293 487 346 491 —
392 463 436 503 in
486 474 514 504 a
552 475 634 515 pro
674 463 871 514 poeticis
910 464 1067 503 verbis
1099 465 1247 504 verba
1279 476 1447 516 prosae
1482 464 1704 504 orationis
1737 465 1856 504 haec

157 534 406 574 substituta
454 540 578 574 sunt:
628 534 653 573 2
697 534 878 573 auxilia
919 536 979 584 (z
1013 534 1248 584 auxilium)
1284 535 1600 575 Pzauxz‘lz'mn
1635 547 1673 585 a,
1723 548 1766 575 V.
1806 535 1856 575 13

157 605 318 645 merito
356 605 606 657 plectimur
652 605 713 644 P:
736 605 812 644 Sic
858 605 1019 644 merito
1067 605 1230 655 agitur
1268 617 1306 644 a.
1346 600 1396 633 ἑ
1432 613 1477 645 at
1523 606 1573 645 10
1608 607 1799 645 tradunt
1831 618 1858 646 a

155 674 545 715 verius:tradent
592 675 625 714 P
658 694 701 707 z
738 675 940 715 tradunt.
991 675 1113 727 quod
1151 675 1394 715 latinitatis
1427 675 1778 726 Merovingicae
1813 676 1858 715 in

157 747 194 786 Φ
226 746 492 797 irrepserat.
544 770 595 774 -—
638 758 680 785 v,
720 746 784 797 14,
820 745 895 797 qui
929 746 1062 786 deest
1096 746 1140 785 in
1174 746 1220 795 P,
1256 748 1496 797 suppletur
1528 758 1612 797 per
1644 758 1683 787 a.
1720 758 1857 798 quem

154 828 343 857 versum
378 816 557 856 conlcio
592 816 852 856 Phaedrum
887 816 953 856 sic
988 816 1230 868 scripsisse
1252 817 1472 857 :Inimico
1503 821 1716 857 nostrum
1741 830 1859 869 quae

155 887 432 929 credaiz‘mus
464 888 697 939 spiritum.

598 1037 874 1083 VVLPES
909 1038 1138 1083 LVPVS
1173 1037 1414 1084 SIMIVS.

1332 1122 1369 1161 Φ
1402 1129 1418 1165 Ι
1456 1129 1505 1165 10
1540 1128 1572 1165 Ρ

1041 1211 1297 1259 Quicunque
1349 1212 1463 1258 turpi
1517 1211 1668 1248 fraude
1721 1212 1857 1248 semel

454 1140 478 1165 a
510 1127 556 1164 28
589 1128 668 1178 (φὶ)

340 1204 453 1259 turpi
487 1211 639 1248 fraude
675 1239 711 1248 ..
746 1212 947 1248 inclaruit

92 1178 94 1180 '
152 1212 305 1258 Qui..

1160 1283 1345 1319 innotuit

185 1384 191 1391 .
226 1364 399 1401 semper
430 1354 613 1400 turpiter
644 1354 779 1389 vivit·

157 1453 371 1463 ........

152 1567 301 1614 Lupus
348 1566 561 1614 arguebat
608 1567 783 1613 vulpem
831 1566 966 1602 iratus

270 1638 368 1674 forti
403 1637 598 1674 crimine.

152 1710 224 1746 illa
263 1709 452 1755 negabat
490 1719 537 1745 se
569 1719 654 1745 non
688 1718 784 1745 esse
816 1713 964 1744 ream'

155 1881 190 1888 ..
225 1851 357 1887 Iudex
391 1880 428 1888 ..
463 1850 585 1887 sedet
617 1850 796 1886 simius·
818 1856 861 1886 ut
894 1860 963 1886 ve-

269 1932 366 1958 rum
400 1921 590 1958 diceret·

155 2022 190 2029 ..
226 1991 414 2029 Causam
451 2022 485 2029 ..
523 1992 671 2029 dicunt
707 2022 742 2028 ..

150 2134 388 2181 Respondit
420 2135 585 2171 simius.

153 2204 216 2240 Tu
259 2216 344 2241 non
376 2205 542 2242 videris
574 2205 819 2252 perdidisse
853 2204 966 2252 quod

272 2276 458 2322 quaeris.

85 2352 124 2383 10
153 2345 215 2382 Te
261 2345 391 2382 credo
429 2347 638 2393 surripuit
671 2347 784 2394 quod
817 2348 966 2393 pulcre

270 2427 407 2463 negas
426 2423 434 2432 ·

1041 1354 1211 1390 etiamsi
1231 1364 1383 1389 verum
1403 1353 1506 1390 dicit
1524 1353 1678 1390 amittit
1696 1353 1826 1390 fidem
1847 1360 1853 1366 ·

1040 1425 1120 1461 hoc
1168 1424 1406 1461 adtestatus
1454 1424 1601 1460 brevis
1647 1424 1765 1471 esopi
1799 1424 1856 1460 ia-

1159 1496 1261 1532 bula
1283 1501 1289 1508 ·

1040 1568 1165 1614 lupus
1199 1566 1412 1613 arguebat
1444 1567 1619 1613 vulpem
1652 1566 1750 1603 forti
1777 1566 1855 1601 cri-

1160 1637 1278 1673 mine
1298 1643 1304 1649 ·

1041 1708 1230 1755 negabat
1253 1708 1324 1744 illa
1349 1718 1395 1744 se
1419 1718 1514 1744 esse
1539 1709 1692 1755 culpae
1716 1707 1855 1754 proxi-

1157 1790 1273 1815 mam

1038 1855 1138 1886 tunc
1188 1847 1317 1886 iudex
1365 1851 1476 1886 inter
1525 1850 1620 1886 illos
1659 1848 1769 1885 sedit
1802 1849 1855 1885 si·

1156 1921 1269 1957 mius

1038 1998 1219 2039 uterque
1253 2002 1429 2028 causam
1454 2000 1551 2027 cum
1574 1995 1853 2037 perorassent

1159 2073 1283 2099 suam
1304 2069 1310 2074 ·

1041 2133 1202 2170 dixisse
1217 2134 1352 2170 fertur
1366 2133 1518 2170 simius
1534 2127 1828 2180 sen[ten]tiam
1847 2138 1853 2145 ·

1040 2211 1083 2241 tu
1129 2216 1214 2241 non
1258 2204 1423 2240 videris
1464 2203 1708 2250 perdidisse
1742 2203 1855 2250 quod

1158 2276 1269 2322 petis

1040 2352 1081 2383 te
1106 2346 1236 2383 credo
1254 2346 1525 2392 subripuisse
1544 2344 1655 2392 quod
1676 2344 1855 2391 pulchre

1158 2423 1322 2464 negas·

272 2517 432 2558 Oratio
480 2517 525 2557 in
581 2528 621 2568 a,
676 2524 724 2557 ut
758 2519 890 2569 solet,
934 2525 1181 2558 contracta
1221 2524 1266 2558 et
1300 2518 1546 2558 decurtata
1580 2516 1853 2567 est.itaque

153 2589 286 2629 deest
336 2595 461 2629 totus
507 2600 673 2628 versus
721 2588 746 2628 3
782 2595 827 2628 et
860 2596 1019 2640 partes
1050 2600 1271 2629 versuum
1310 2589 1344 2637 1,
1379 2588 1418 2639 2,
1453 2590 1492 2637 6,
1529 2589 1566 2639 7,
1602 2588 1641 2627 8.
1677 2586 1856 2626 dilatati

153 2667 309 2700 autem
343 2659 673 2700 additamentis
707 2658 881 2698 codicis
915 2671 941 2698 a
975 2666 1079 2699 sunt
1113 2671 1279 2699 versus
1313 2659 1338 2698 2
1364 2658 1593 2711 [semper]y
1613 2660 1638 2697 5
1667 2657 1805 2709 [non],
1830 2660 1854 2697 o

153 2730 221 2782 [ut
249 2743 414 2770 verum
448 2730 643 2783 dzkeretL
678 2730 703 2769 4
741 2729 936 2782 [iratus]
974 2753 1025 2757 -
1060 2730 1085 2768 4
1106 2729 1235 2780 furti
1262 2741 1284 2768 r
1303 2741 1310 2768 :
1318 2729 1445 2780 sorti
1462 2729 1537 2768 PR
1562 2740 1588 2768 a
1609 2761 1616 2768 .
1626 2727 1754 2778 sorti
1770 2738 1853 2778 pro

141 2801 263 2851 farte
310 2807 380 2841 est
428 2800 790 2852 orthographiae
840 2799 1067 2850 noviciae,
1117 2806 1165 2839 ut
1204 2806 1337 2838 sexto
1371 2800 1562 2838 saeculo
1597 2797 1855 2848 Gregorius

152 2871 437 2912 Turonensis
470 2871 567 2911 223.
607 2872 657 2911 15
687 2870 831 2910 Α-Κ
851 2875 1076 2922 purpora,
1102 2869 1200 2909 283.
1242 2870 1290 2908 15
1307 2869 1494 2920 proma,
1520 2868 1618 2909 271.
1659 2869 1708 2908 15
1733 2880 1853 2907 umr-

153 2953 268 2992 υτον,
303 2943 371 2983 40.
411 2943 461 2982 10
495 2942 697 2982 luxoria.
