2152 3229
206 161 313 188 XLVI
916 161 1190 200 Prolegomena

206 271 259 308 de
305 271 516 307 caenavit.
565 280 741 306 causam
782 284 824 297 :-
865 270 1050 316 hospitio
1097 268 1314 316 quondam
1357 279 1452 305 mus
1494 269 1688 305 urbanus
1727 268 1902 318 rustici}

206 348 408 388 exceptus
451 341 599 377 humili
636 340 796 387 glande
830 340 1000 376 cenavit
1035 350 1148 385 casa,
1183 340 1239 376 ib.
1276 340 1299 375 4
1335 340 1576 387 cellamque
1609 340 1783 376 intravit
1815 341 1904 388 plu—

204 413 315 448 rimo
359 412 563 448 refertam
609 411 705 448 cibo
744 426 788 439 =
828 411 1033 447 refertam
1079 410 1255 447 intravit
1292 410 1480 457 plurimo
1522 411 1675 446 cellam
1716 411 1825 463 cibo,
1863 410 1907 446 12

205 483 458 519 cellararius
492 493 602 529 quae
635 483 769 519 voluit
802 482 972 518 sustulit
1004 496 1049 509 Ξ
1083 492 1193 529 quae
1228 481 1361 518 voluit
1396 482 1506 523 [inde]
1536 482 1707 518 sustulit
1740 483 1903 518 cellari-

204 564 266 595 us,
299 552 349 589 20
384 564 452 589 me
487 554 611 600 glans
645 563 844 589 securam
869 558 1018 599 pascat
1041 559 1081 589 et
1103 553 1287 589 liberam
1311 567 1355 580 Ξ
1378 562 1447 588 me
1474 553 1583 593 [ruri]
1607 558 1757 599 pascat
1779 553 1906 599 glans

203 635 405 661 securum
440 629 479 660 et
512 624 717 665 liberum;
753 635 777 660 a
816 624 879 660 17.
921 624 934 659 1
974 634 1013 670 p.
1054 623 1103 659 10
1138 624 1286 660 asinus
1321 623 1478 660 cotidie
1500 623 1677 659 videbat
1702 624 1902 660 catellum

203 695 388 731 blandiri
439 695 662 731 dominum
710 701 749 731 et
795 695 848 731 de
895 705 1044 731 mensa
1091 695 1275 730 saturari
1323 700 1363 730 et
1401 705 1425 730 a
1459 694 1622 731 familia
1656 694 1715 730 illi
1749 694 1902 741 largiri

202 767 325 813 plura
359 781 402 794 Ξ
437 767 584 802 asinus
618 767 818 802 catellum
851 766 1026 802 domino
1054 765 1242 802 blandiri
1269 765 1360 809 [suo]
1386 759 1387 815 ff
1409 765 1583 802 videbat
1614 772 1653 801 et
1677 765 1730 801 de
1753 775 1904 802 mensa

203 838 388 873 saturari
432 837 559 879 [datis]
587 830 783 887 [cotidie.
818 837 970 884 largiri
1010 838 1135 883 plura
1175 843 1215 873 et
1254 837 1478 883 familiam,
1514 837 1568 872 ib.
1607 837 1630 871 ς’)
1665 837 1727 872 sic
1761 836 1905 883 diligit

203 908 401 945 dominus
439 919 562 945 meus
602 914 641 944 et
676 908 839 944 familia
873 923 916 936 z
955 908 1079 950 [hunc]
1112 907 1255 954 diligit
1287 908 1348 943 sic
1383 907 1584 944 dominus
1618 917 1740 943 meus
1773 912 1814 943 et
1846 907 1904 943 fa-

203 979 333 1021 milia,
371 979 393 1014 9
429 979 582 1015 melior
615 989 709 1014 sum
745 979 910 1015 catello.
946 979 1113 1014 meliori
1148 978 1236 1014 vita
1269 978 1350 1014 frui
1375 993 1419 1006 Ξ
1442 978 1635 1023 meliore,
1663 977 1784 1022 [quod]
1808 988 1904 1014 sum

201 1051 369 1091 melior,
407 1051 487 1090 lmel
529 1050 616 1086 vita
650 1049 747 1095 frui,
789 1050 832 1085 11
873 1060 970 1085 cum
1004 1049 1110 1085 haec
1135 1049 1282 1085 asinus
1306 1049 1518 1096 cogitaret
1540 1048 1657 1091 videt
1681 1048 1904 1085 dominum

201 1121 393 1157 introire.
430 1121 498 1157 cui
532 1121 721 1156 occurrit
753 1104 946 1157 velociu⁸s
979 1135 1023 1148 z
1058 1131 1155 1156 cum
1190 1120 1401 1167 cogitaret
1424 1120 1571 1156 asinus
1594 1120 1701 1156 haec
1733 1118 1904 1167 [secum]y

201 1191 319 1228 videt
340 1184 343 1241 1
365 1191 589 1228 dominum
624 1192 815 1228 introire.
852 1192 1041 1228 occurrit
1075 1191 1142 1227 cui
1177 1191 1385 1231 velocius.
1426 1190 1474 1226 13
1510 1196 1550 1226 et
1583 1191 1776 1227 clamans
1809 1201 1903 1238 pro·

201 1263 335 1298 silivit
368 1268 408 1299 et
441 1263 592 1299 ambos
625 1262 759 1309 pedes
793 1273 924 1310 super
955 1263 1160 1299 humeros
1195 1262 1358 1299 domini
1392 1262 1458 1298 sui
1490 1262 1694 1308 imposuit
1718 1272 1904 1309 cumque

200 1334 351 1380 lingua
383 1334 585 1380 linguens
618 1349 661 1361 z
697 1335 889 1370 clamans
922 1333 1132 1380 prosiluit,
1168 1333 1319 1370 ambos
1348 1333 1553 1379 imposuit
1578 1332 1713 1379 pedes
1734 1326 1736 1383 l
1757 1333 1903 1369 hume-

201 1405 261 1441 ris
297 1404 483 1448 [priores],
518 1405 669 1452 lingua
703 1415 801 1441 eum
834 1405 1006 1452 lingens
1044 1403 1161 1450 [linitl‚
1202 1405 1250 1440 lo
1281 1403 1504 1441 dominum
1528 1413 1606 1440 suo
1629 1403 1780 1450 fatigat
1802 1414 1903 1451 pon-

202 1475 306 1511 dere
338 1490 381 1503 :
416 1476 639 1512 dominum
673 1476 825 1523 fatigat
857 1476 1051 1523 pondere
1084 1476 1329 1518 [incumbens]
1364 1485 1455 1517 suo,
1485 1471 1533 1508 ⁴20
1556 1486 1593 1522 p.
1625 1472 1671 1510 12
1693 1474 1904 1511 membris

203 1547 419 1593 costisque
458 1547 689 1584 contractis
723 1547 905 1596 abitiunt
939 1547 992 1584 ad
1024 1547 1254 1594 praesepia
1286 1548 1448 1583 lassum
1482 1552 1610 1593 atque
1643 1546 1903 1582 semivivum

201 1632 245 1645 Ξ
279 1618 487 1654 membris
522 1619 738 1666 costisque
771 1619 919 1655 fractis
953 1618 1006 1655 ad
1029 1619 1259 1665 praesepia
1281 1610 1284 1667 l
1304 1618 1467 1654 lassum
1492 1622 1619 1664 atque
1642 1617 1903 1653 semivivum

205 1689 418 1738 [postremo]
459 1689 664 1731 abiciunt,
698 1688 745 1724 22
777 1690 931 1738 nequis
964 1689 1171 1736 indignus
1205 1690 1377 1736 ingerat
1410 1695 1453 1725 ut
1486 1688 1680 1725 melioris
1713 1687 1902 1724 officium

202 1760 330 1796 iaciat
364 1775 407 1787 Ξ
441 1761 609 1797 meliori
645 1760 851 1808 indignus
885 1761 1038 1808 nequis
1072 1760 1262 1797 officium
1296 1760 1486 1807 ingerat;
1522 1770 1545 1795 a
1584 1759 1647 1796 18.
1688 1759 1737 1795 14
1770 1769 1810 1805 p.
1852 1758 1900 1794 14

203 1836 352 1877 captus
391 1832 563 1878 mugire
604 1832 889 1878 coepit·mus
929 1838 973 1868 ut
1012 1831 1177 1867 audivit
1215 1845 1259 1858 z
1305 1836 1454 1877 captus
1486 1830 1636 1877 rugire
1671 1830 1822 1876 coepit.
1858 1834 1903 1865 ut

201 1912 297 1938 mus
338 1902 485 1948 audiit,
532 1903 579 1939 17
622 1913 707 1939 non
749 1913 844 1939 sum
887 1903 1117 1938 immemor
1149 1901 1350 1938 beneficii
1383 1902 1442 1938 tui
1476 1916 1520 1929 z
1554 1911 1639 1937 non
1672 1901 1904 1937 immemor

202 1983 297 2009 sum
350 1973 473 2016 [tanti]
520 1973 719 2010 beneficii
769 1974 843 2019 tui,
894 1974 949 2010 ib.
990 1971 1036 2007 20
1075 1974 1260 2009 lustrare
1294 1973 1446 2019 coepit.
1482 1982 1641 2008 nervos
1674 1981 1826 2007 secare
1858 1985 1901 1998 Ξ

202 2045 387 2080 lustrare
427 2045 579 2091 coepit.
623 2045 828 2086 [dentibusl
865 2055 1024 2081 nervos
1057 2048 1188 2089 secat,
1221 2042 1269 2078 22
1301 2044 1363 2080 sic
1397 2053 1493 2080 mus
1525 2044 1695 2079 leonem
1730 2047 1901 2089 captum

202 2116 387 2153 liberum
421 2116 542 2152 silvis
577 2117 762 2153 restituit
784 2131 828 2144 Ξ
852 2116 973 2152 silvis
1002 2117 1171 2152 leonem
1196 2115 1258 2151 sic
1281 2114 1467 2151 restituit
1489 2114 1689 2157 liberum,
1713 2123 1734 2149 r
1756 2112 1808 2149 ΙΙΙ
1837 2113 1900 2149 16.

204 2188 226 2223 7
261 2199 300 2234 p.
341 2188 404 2224 16.
441 2188 638 2224 esuriens
672 2193 815 2224 autem
849 2193 1001 2223 venter
1035 2186 1249 2223 clamabat
1281 2191 1326 2221 ut
1360 2185 1397 2221 ei
1433 2185 1576 2221 cibum
1601 2184 1836 2221 donaretur
1857 2198 1902 2211 z

203 2259 400 2295 esuriens
432 2264 586 2295 venter
619 2260 775 2295 clamat
807 2265 851 2294 ut
885 2258 1010 2295 detur
1043 2258 1178 2301 cibus,
1215 2257 1269 2293 ib.
1307 2256 1330 2292 9
1364 2266 1426 2303 sq.
1462 2255 1538 2292 sed
1574 2255 1719 2291 ieiuno
1751 2261 1903 2291 ventre

202 2330 399 2366 membra
438 2331 583 2366 omnia
623 2335 859 2377 coeperunt
896 2330 1149 2365 lassescere.
1193 2333 1288 2375 post
1330 2328 1437 2364 haec
1478 2327 1633 2363 iterum
1672 2327 1904 2362 voluerunt

203 2400 361 2437 afferre
407 2401 552 2437 cibum
592 2415 635 2428 =
676 2401 820 2437 ieiuno
868 2406 1016 2436 ventre
1060 2406 1104 2436 ut
1146 2398 1383 2446 coeperunt
1421 2399 1677 2441 lassescere,
1707 2390 1903 2447 'adferre

202 2472 399 2508 membra
431 2473 662 2508 voluerunt
695 2472 849 2507 iterum
886 2471 1044 2514 cibum,
1086 2470 1128 2507 ll
1168 2470 1244 2507 sed
1277 2470 1496 2506 recusavit
1518 2474 1670 2505 venter
1693 2468 1793 2515 quia
1816 2467 1902 2503 iam

203 2544 419 2579 clauserat
450 2553 586 2579 venas
619 2558 662 2570 Ξ
695 2548 847 2578 venter
879 2548 1064 2582 recusat,
1100 2542 1200 2589 quia
1234 2542 1320 2577 iam
1353 2550 1488 2577 venas
1522 2540 1755 2584 clauserat;
1789 2549 1829 2574 w
1862 2537 1903 2573 V

204 2613 240 2649 9.
277 2613 300 2649 3
336 2624 373 2660 p.
410 2614 463 2650 58
497 2615 671 2660 vulpem
712 2614 920 2660 legitimis
953 2620 997 2649 ut
1031 2612 1141 2649 sedit
1173 2613 1319 2649 thoros
1352 2626 1396 2639 Ξ
1428 2611 1603 2657 vulpem
1638 2608 1901 2653 [precantem]‚

202 2690 246 2720 ut
294 2683 403 2720 sedit
451 2685 659 2731 legitimis
692 2685 810 2726 toris,
846 2684 900 2720 ib.
934 2685 957 2719 “)
982 2690 1215 2731 notamque
1239 2682 1292 2719 ad
1315 2681 1524 2729 praedam
1549 2680 1733 2717 celerius
1756 2679 1900 2715 silivit.

203 2756 346 2801 superi
382 2755 521 2802 gradu
555 2756 692 2792 risere
726 2756 898 2801 magnis
932 2755 1104 2791 erubuit
1136 2760 1259 2801 pater
1281 2767 1325 2781 z
1348 2758 1580 2799 notamque
1611 2750 1663 2786 ad
1693 2748 1903 2797 praedam

204 2827 333 2862 celeri
368 2827 565 2872 prosiluit
599 2826 751 2873 gradu.
776 2825 777 2877 l
800 2827 945 2873 superi
980 2827 1131 2870 risere,
1166 2834 1352 2871 magnus
1387 2823 1559 2859 erubuit
1591 2827 1726 2868 pater,
1753 2820 1776 2856 9
1801 2820 1903 2867 quia

203 2896 347 2943 digne.
390 2898 548 2933 nostris
587 2898 753 2933 meritis
793 2908 877 2934 non
916 2903 1055 2944 potest
1097 2906 1193 2932 esse
1226 2909 1270 2923 -—-
1304 2894 1403 2942 quia
1444 2893 1576 2940 digna
1615 2892 1774 2929 nostris
1808 2900 1904 2927 esse
