2152 3229
239 137 381 165 XLVIII
952 139 1058 170 Prole
1065 149 1225 179 gomena

239 248 334 282 tem
382 242 631 282 restituere
653 276 658 282 .
680 242 803 293 quod
837 244 1069 293 quomodo
1109 255 1158 284 se
1193 244 1364 285 habeat
1397 247 1623 297 exemplis
1654 246 1940 288 illustrantes

241 313 476 352 ordiemur
508 313 566 352 ab
602 312 668 353 eis
701 312 869 353 fabulis
903 325 1022 366 quae
1057 322 1219 355 extant
1253 315 1393 356 etiam
1426 316 1471 356 in
1505 317 1554 357 Φ.

359 399 383 424 a
414 388 451 423 7.
484 388 505 424 7
533 385 589 434 (p.
615 388 771 428 xxvssl)
794 394 834 425 et
862 400 973 436 quae
995 391 1168 427 volebat
1190 402 1275 428 non
1299 391 1433 438 potuit
1460 391 1530 435 [vel
1559 395 1737 438 extrema]
1758 399 1940 442 tangere

244 458 394 502 [dentel.
447 470 470 495 a
505 459 542 495 9.
584 459 599 495 1
640 462 696 507 (p.
732 443 856 505 xxlk)
890 460 1135 507 Numquam
1168 461 1307 499 fidelis
1340 473 1438 499 cum
1471 469 1643 510 potente
1672 464 1857 501 societas
1883 464 1940 508 [sit

241 530 478 575 copulanda]‚
525 541 550 566 a
595 530 662 566 3⁴2.
710 530 753 566 11
792 531 848 580 (p.
884 534 1043 577 xxxln)
1077 532 1205 569 trivio
1238 539 1463 570 contentus
1499 534 1547 578 [et
1585 535 1633 579 in]
1676 535 1940 572 stercoribus

240 600 448 637 educatus
484 600 581 645 [quid
608 605 673 636 tibi
700 605 836 645 profuit
863 605 932 636 has
958 606 1125 637 invenire
1152 604 1331 647 divitias?]
1374 616 1397 641 a
1423 605 1490 641 28.
1517 605 1540 641 6
1565 602 1620 652 (p.
1645 602 1788 652 XXXV)
1813 605 1941 642 iudex

240 671 361 708 sedet
393 671 544 708 simius
580 673 630 717 [ut
662 686 792 708 verum
827 671 979 715 diceret]
1016 685 1066 710 a:
1101 680 1202 711 tunc
1236 675 1364 712 iudex
1398 675 1508 712 inter
1541 676 1635 713 illos
1658 676 1768 713 sedit
1790 677 1940 713 simius
1983 690 1986 692 ’

240 742 286 784 Ρ,
321 753 344 779 a
384 743 446 780 15.
483 744 506 779 2
543 740 598 790 (p.
633 746 792 790 xxxvl)
829 745 970 781 ferunt
1002 756 1166 791 pennas
1198 746 1309 792 turpi
1342 746 1576 793 penitentia
1613 748 1860 792 [indiscretas]
1887 758 1937 784 a:

240 814 330 849 fere
378 813 449 850 dat
496 825 658 861 poenas
690 815 803 862 turpi
836 816 1071 862 penitentia
1105 816 1150 861 P,
1186 816 1210 852 8
1243 817 1277 853 si
1312 828 1464 854 vocem
1498 818 1682 855 haberes
1724 817 1938 864 [latiorem]‚

240 885 356 921 nulla
401 885 547 921 avium
592 885 710 931 prior
757 885 948 930 [ad]esset
999 886 1087 929 [tibi]
1125 888 1231 924 azsi
1271 899 1423 925 vocem
1456 889 1641 925 haberes
1674 891 1790 926 nulla
1822 890 1941 937 prior

241 956 330 991 ales
362 955 471 992 foret
499 956 545 1001 P,
577 956 623 992 17
650 956 770 992 Tunc
795 956 969 993 demum
993 968 1149 994 corvus
1173 958 1385 1005 ingemuit
1417 960 1515 1003 [quia
1543 964 1626 994 dolo
1647 957 1761 1001 esset]
1789 960 1940 1008 decep·

240 1031 307 1062 tus
340 1032 383 1062 ut
417 1027 597 1073 ignarus
639 1038 690 1063 a:
725 1033 826 1064 tunc
865 1027 1040 1064 demum
1074 1028 1286 1075 ingemuit
1321 1030 1438 1066 corvi
1474 1030 1679 1078 deceptus
1713 1037 1861 1078 stupor
1893 1032 1938 1078 P,

241 1093 632 1142 quemadmodum
691 1093 831 1144 igitur
884 1093 929 1133 in
983 1094 1053 1134 his
1107 1094 1289 1145 tabulis,
1339 1108 1532 1147 quarum
1581 1110 1671 1137 non
1723 1098 1859 1138 modo
1907 1113 1939 1149 ῳ

240 1163 323 1203 sed
363 1164 503 1204 etiam
537 1164 575 1203 Φ
608 1170 750 1216 extat,
800 1165 874 1204 hic
924 1165 1117 1216 egimus,
1151 1166 1214 1206 ita
1250 1174 1617 1209 consentaneum
1658 1175 1728 1209 est
1761 1170 1818 1209 ab
1853 1169 1940 1209 illis

241 1231 424 1286 quoque
467 1234 635 1275 fabulis
683 1250 728 1286 φ,
776 1247 895 1287 quae
941 1248 1034 1276 non
1068 1236 1158 1276 iam
1194 1244 1355 1278 extant
1388 1238 1432 1278 in
1481 1239 1531 1287 (Ι),
1581 1239 1734 1279 aliena
1782 1239 1939 1291 inepta

240 1304 389 1345 otiosa
437 1307 717 1347 secundaria
765 1306 1084 1347 additamenta
1130 1309 1322 1348 excerni
1370 1315 1415 1349 et
1464 1310 1647 1361 expelli.
1688 1320 1732 1351 ut
1771 1326 1794 1351 a
1835 1316 1872 1351 8.
1915 1316 1937 1351 6

239 1392 278 1427 p.
315 1381 338 1417 6
370 1382 510 1425 [salivis
543 1380 612 1424 vel]
646 1382 860 1427 sordibus,
910 1394 934 1419 a
973 1383 1035 1420 13.
1073 1383 1096 1419 3
1134 1380 1188 1430 (p.
1224 1380 1265 1429 S)
1298 1384 1481 1429 [perfecit]
1517 1385 1715 1433 perduxit
1738 1386 1939 1433 precibus

239 1458 334 1498 post
369 1452 411 1489 in
444 1453 598 1489 urbem
631 1454 852 1499 rusticum,
892 1453 938 1490 14
971 1464 1032 1502 sq.
1073 1461 1114 1491 at
1147 1455 1244 1491 ille·
1266 1455 1350 1492 Vix
1383 1463 1584 1502 possum·
1610 1455 1743 1500 [valde]
1780 1463 1940 1504 perter-

239 1523 359 1559 ritus.
423 1524 612 1561 Putasne
659 1525 804 1561 veniet
852 1525 945 1561 ille?
997 1525 1152 1568 [tantum
1192 1540 1284 1570 ergo
1326 1536 1492 1562 metuens
1533 1527 1608 1570 ait.]
1661 1539 1685 1564 a
1712 1539 1718 1564 ζ
1745 1528 1816 1564 ille
1863 1528 1937 1565 Sed

239 1590 652 1645 perte1·ritus)>›Vix
699 1607 900 1643 possum»
953 1596 1010 1633 ait
1060 1602 1266 1643 »putasne
1313 1598 1553 1647 rediturum
1602 1599 1790 1635 virum?»
1845 1611 1938 1646 ego,

240 1676 263 1701 a
303 1667 365 1702 17.
402 1668 424 1703 7
467 1664 522 1714 (p.
564 1665 632 1715 10)
667 1669 738 1716 qui
775 1670 902 1714 [multo
936 1668 1030 1713 plus]
1067 1671 1220 1709 melior
1252 1681 1347 1707 sum
1380 1681 1509 1717 quam
1543 1670 1662 1707 canis
1699 1670 1758 1714 [et]
1795 1670 1940 1707 multis

238 1738 369 1774 rebus
412 1737 646 1781 [laudabilior
678 1751 713 1776 et
747 1741 868 1785 valde]
920 1744 1034 1780 utilis
1084 1743 1245 1788 a:Qui
1296 1753 1402 1778 cane
1451 1752 1546 1777 sum
1594 1741 1759 1786 melior,
1809 1741 1939 1777 rebus

240 1810 382 1846 multis
421 1811 536 1848 utilis
570 1824 663 1859 ego,
700 1813 724 1849 8
758 1824 869 1861 aqua
903 1815 1062 1851 sanctis
1095 1814 1283 1851 fontibus
1319 1811 1422 1856 [aior]
1461 1812 1582 1849 cibus
1615 1812 1718 1848 mihi
1753 1811 1938 1848 mundus

239 1880 366 1917 datur
413 1893 598 1929 azaqua
645 1884 782 1921 sancti
824 1885 952 1921 fontis
990 1886 1115 1922 cibus
1155 1890 1194 1923 et
1232 1885 1336 1921 mihi
1377 1883 1563 1920 mundus
1597 1883 1723 1920 datur
1755 1895 1849 1929 ego,
1885 1883 1937 1919 22

238 1954 290 1998 (p.
327 1952 391 1994 12)
413 1953 566 2000 nequis
590 1954 796 2002 indignus
820 1956 991 2004 ingerat
1017 1957 1080 2000 [ut]
1110 1956 1302 1993 melioris
1325 1956 1505 1993 offitium
1532 1953 1670 1997 [faciat]
1697 1966 1722 1991 a
1742 1965 1748 1990 :
1771 1953 1937 1991 meliori

239 2023 442 2070 indignus
465 2025 617 2071 nequis
641 2026 829 2063 officium
853 2027 1024 2074 ingerat
1047 2040 1141 2075 ego,
1167 2039 1191 2064 a
1220 2027 1283 2064 18.
1305 2027 1358 2063 22
1379 2024 1434 2074 (p.
1461 2024 1527 2071 14)
1547 2025 1618 2063 Sic
1642 2025 1747 2070 [mus]
1770 2026 1938 2062 leonem

242 2094 418 2139 [captum]
452 2096 639 2133 liberum
671 2097 791 2134 silvis
825 2098 1009 2135 restituit
1042 2110 1065 2135 a
1086 2110 1091 2135 ;
1112 2098 1243 2135 Silvis
1271 2099 1441 2135 leonem
1464 2097 1525 2134 sic
1549 2096 1732 2133 restituit
1754 2096 1939 2139 liberum

239 2178 333 2213 ego,
383 2178 404 2203 r
444 2168 496 2204 ΠΙ
542 2169 591 2204 16
626 2166 681 2215 (p.
723 2166 803 2215 16).
839 2170 863 2205 5
901 2170 958 2214 [eo
991 2174 1088 2213 quod
1121 2174 1198 2205 sine
1226 2174 1299 2204 ullo
1326 2168 1467 2211 labore]
1504 2167 1660 2205 cotidie
1693 2165 1939 2214 replere[tur

239 2237 386 2280 sedens]
433 2239 611 2284 otio[sus]
649 2252 672 2276 a
693 2252 698 2277 :
721 2240 888 2278 Cotidie
937 2241 1095 2288 repleri
1140 2241 1271 2287 segni
1307 2240 1349 2276 in
1382 2239 1468 2276 otio
1502 2251 1595 2285 ego,
1630 2250 1653 2274 a
1688 2238 1755 2274 34.
1796 2238 1845 2274 10
1880 2236 1935 2284 (p.

243 2308 308 2355 18)
344 2316 384 2347 et
418 2308 805 2357 expiravit.media
841 2312 1028 2356 [pondere]
1060 2312 1274 2358 collapsus
1298 2311 1381 2355 via,
1421 2310 1465 2346 11
1494 2310 1694 2346 volucres
1726 2308 1937 2351 [advenie'n-

236 2383 304 2425 tes]
350 2381 404 2418 ad
453 2382 660 2428 praedam
709 2384 938 2420 convolant
986 2383 1192 2427 dicentes,
1244 2382 1293 2417 13
1334 2392 1419 2417 non
1471 2381 1568 2425 [iam]
1612 2380 1827 2416 inmaturo
1860 2390 1937 2416 nos

237 2452 410 2490 interitu
459 2464 663 2499 pasceres
715 2455 818 2500 [tuo]‚
869 2465 893 2490 a
941 2454 1009 2490 35.
1045 2454 1069 2491 8
1104 2450 1159 2500 (p.
1196 2450 1267 2498 20)
1302 2458 1341 2488 et
1374 2451 1486 2488 ludis
1520 2451 1726 2498 proximis
1763 2450 1934 2494 [emissis]

235 2524 385 2560 bestiis
418 2524 638 2571 proicitur,
679 2525 728 2561 10
762 2525 833 2572 qui
868 2525 1006 2561 fuerat
1039 2524 1344 2567 mediclinlatus
1375 2521 1446 2567 [qui
1474 2526 1615 2567 pridem
1644 2520 1794 2564 fuerat]‚
1820 2532 1844 2557 a
1868 2520 1934 2557 36-

237 2594 260 2629 2
298 2592 352 2641 (p.
389 2592 459 2640 20)
494 2601 705 2632 venerunt
741 2595 890 2640 [populi]
935 2595 1075 2632 cuncti
1116 2601 1159 2631 ut
1197 2595 1443 2641 spectacula
1477 2597 1717 2638 cernerent,
1751 2603 1775 2628 a
1809 2591 1876 2628 38.
1913 2591 1936 2627 9

238 2662 292 2711 (p.
341 2664 411 2711 24)
446 2667 587 2703 lucem
620 2667 843 2714 refugiens
879 2665 993 2710 [atris]
1024 2677 1070 2702 se
1105 2665 1295 2703 condidit
1327 2664 1519 2701 tenebris
1555 2661 1716 2707 [noctis]‚
1751 2672 1776 2698 a
1809 2661 1876 2698 39.
1912 2663 1936 2697 3

238 2734 292 2782 (p.
329 2734 400 2782 24)
440 2736 701 2784 Supervenit
748 2738 962 2774 luscinia·
990 2743 1029 2774 et
1077 2737 1261 2783 rogabat
1306 2734 1431 2777 [illum]
1477 2745 1656 2781 parcere
1708 2731 1841 2777 [pullis]
1885 2744 1935 2769 a:

237 2806 497 2854 Supervenit
534 2808 717 2845 luscinia
748 2814 874 2855 rogat
907 2814 947 2845 et
980 2818 1160 2855 parcere
1194 2819 1288 2854 ego,
1325 2807 1348 2842 5
1386 2805 1446 2848 [et]
1482 2804 1681 2853 quamvis
1717 2802 1780 2846 [se]
1818 2814 1938 2850 prae-

237 2877 411 2914 cederet
446 2877 594 2922 [animo]
618 2889 624 2896 ·
647 2878 797 2922 [tamen]
833 2884 949 2916 metu
986 2876 1185 2923 [pavebat]
1218 2875 1401 2921 [denique]
1428 2881 1576 2913 coacta
1598 2875 1647 2918 [et
1666 2878 1793 2910 dolore
1812 2873 1934 2918 plena]
