2152 3229
181 1394 220 1423 10

180 1748 219 1777 15

177 2102 219 2131 ‘20

247 135 303 174 54
812 145 957 176 Phaedri
984 145 1094 176 soluti
1122 146 1258 177 fabulae
1285 146 1391 178 XXX

247 271 287 273 ῌ
322 249 368 284 22
402 247 499 284 ‚Vols
524 247 691 283 mentiri
718 264 749 277 ω
778 249 809 280 Φ
837 246 891 282 ΙΙΙ
923 246 965 282 18
994 246 1035 281 14
1062 246 1161 282 Noli
1185 247 1401 283 adfectare
1430 277 1459 283 ..
1488 277 1495 290 ,
1523 246 1581 283 IV
1608 248 1640 283 7.
1666 247 1713 283 ‘23
1739 247 1838 283 Noli
1861 258 1946 284 mo-

245 304 376 338 lestus
410 313 504 337 esse
539 330 568 336 ..
603 300 676 336 ubi
708 299 931 336 Phaedrus
964 300 1219 346 imperativo
1254 299 1352 336 Noli
1382 311 1480 336 cum
1513 301 1707 347 sequenti
1732 301 1946 338 infinitivo

247 356 376 391 utitur
403 355 443 390 in
473 353 765 390 admonitione
792 364 841 388 ea
871 363 955 399 qua
983 363 1158 388 carmen
1187 353 1466 389 concluditur.

367 408 482 444 Haec
519 407 650 451 igitur
682 406 865 451 vestigia
895 412 1013 442 certa
1041 406 1307 451 collegimus,
1336 416 1445 452 quae
1473 411 1700 453 sequentes
1728 406 1947 454 indagavi-

553 637 585 676 φ
618 618 783 663 XXV.
849 618 964 663 ΨΥ
983 618 1021 663 2.
1087 617 1221 663 LEO
1254 617 1641 664 TYRANNVS.

247 742 302 781 Et
336 741 460 792 loqui
493 752 646 792 poena
681 746 752 780 est
787 746 831 780 et
865 746 1026 780 tacere
1061 746 1359 780 tormentum.

247 812 363 853 Cum
396 825 446 852 se
480 812 687 851 ferarum
723 823 836 862 rege
871 810 1062 851 iecisset
1095 809 1374 851 fortissimus
1407 812 1479 850 leo

248 891 292 924 et
325 883 538 935 aequatis
571 883 697 923 fama
732 882 952 934 consequi
988 894 1117 922 more
1152 894 1318 932 regum
1352 884 1508 922 vellet.

245 955 528 995 renuntiavit
560 954 789 1006 prioribus
823 953 942 993 actis
975 960 1160 994 mutans
1195 954 1582 993 consuetudinem

246 1028 338 1066 ullo
373 1038 518 1077 pecus
550 1025 709 1065 ledere
746 1031 994 1064 contentus
1028 1024 1126 1064 sine
1161 1025 1388 1075 sanguine
1425 1024 1578 1064 cibum

246 1098 412 1138 sancta
446 1104 491 1136 et
525 1096 797 1147 incorrupta
830 1095 1001 1135 iuravit
1033 1107 1227 1135 servare
1262 1095 1414 1135 fidem.

248 1175 558 1220 posteaquam
591 1167 767 1207 habere
803 1166 959 1218 coepit
993 1166 1050 1205 de
1083 1166 1205 1205 hanc
1239 1178 1289 1205 re
1324 1165 1630 1217 penitentiam

249 1247 431 1280 mutare
466 1251 558 1279 non
592 1238 740 1290 potuit
774 1244 954 1278 natura.
1202 1291 1204 1293 ‚

249 1318 294 1351 et
329 1310 484 1362 coepit
517 1310 693 1350 ducere
727 1310 769 1349 in
805 1316 993 1349 secreto
1027 1309 1237 1360 singulos

248 1382 306 1422 ad
340 1381 530 1421 fallatia.
567 1367 612 1421 et
646 1393 698 1421 os
731 1380 817 1420 sibi
850 1381 1001 1432 putire
1036 1381 1273 1420 narrabat.

248 1464 413 1493 verum
446 1452 741 1492 mendacium
777 1452 963 1492 dicente

247 1525 510 1564 laniebatur
543 1531 591 1564 ut
624 1530 919 1564 saturaretur

246 1596 365 1635 haec
401 1607 506 1635 cum
540 1594 696 1635 multis
729 1594 922 1634 fecisset
956 1601 1097 1645 potea
1130 1593 1315 1634 simium
1347 1592 1607 1642 interrogat

247 1668 283 1707 si
318 1667 529 1707 foetitum
563 1667 761 1706 haberet
795 1678 846 1705 os
879 1666 954 1705 ille
989 1677 1104 1705 vero
1140 1665 1404 1705 cinnamum

247 1739 374 1778 olere
410 1737 522 1778 dixit
557 1745 602 1778 et
637 1737 768 1789 quasi
802 1737 996 1777 deorum
1031 1736 1205 1776 altaria·

246 1817 356 1850 tunc
392 1809 478 1849 erit
511 1809 804 1849 laudatorem
838 1815 886 1847 ut
921 1808 1101 1847 lederet

248 1893 362 1920 aves
394 1880 557 1920 fraude
593 1892 697 1919 esse
733 1879 863 1919 finxit
885 1878 903 1932 Η
926 1879 1211 1929 languidum.

247 1942 701 2002 continuoquerunt
734 1949 902 1990 medici
936 1950 1089 2001 potius
1123 1948 1232 1989 clini
1256 1949 1386 1988 uberi
1411 1948 1586 1999 passim
1609 1947 1780 1998 ullique
1804 1958 1953 1997 genus

247 2094 388 2134 tantis
428 2100 585 2133 autem
624 2092 788 2143 venius
823 2098 924 2132 erat
958 2093 1118 2143 pulsus
1152 2090 1477 2131 inenarrabilis
1510 2090 1734 2130 suadetur
1767 2100 1951 2129 sumere

249 2237 403 2276 cibum
437 2236 640 2287 aliquem
673 2235 718 2274 in
753 2235 956 2286 quietem
994 2240 1039 2273 et
1073 2233 1150 2285 qui
1185 2233 1226 2272 ei
1258 2234 1441 2272 levaret
1476 2231 1713 2272 fastidium

339 2340 346 2347 .
381 2313 430 2346 ut
463 2307 655 2357 regibus
689 2305 843 2346 omnia
876 2305 1000 2345 licet.

250 2379 411 2429 ignota
445 2385 515 2417 est
550 2377 659 2417 mihi
692 2377 850 2429 inquid
884 2376 1003 2416 simii
1038 2387 1148 2415 caro

180 2458 212 2485 ·..
250 2451 370 2489 hanc
405 2450 576 2489 vellem
611 2448 776 2499 ignoro
811 2447 918 2498 quid
952 2447 1009 2486 sit
1042 2447 1162 2487 hane
1197 2458 1382 2497 sapor».

249 2528 297 2561 ut
332 2528 402 2560 est
436 2521 619 2559 locutus
653 2518 809 2559 statim
843 2518 995 2569 rapuit
1029 2518 1148 2557 bene
1183 2519 1379 2568 loquens

249 2592 407 2631 simius
447 2590 673 2630 offeretur
713 2596 762 2628 ut
801 2589 900 2639 regi
942 2596 1042 2628 erat
1076 2588 1250 2628 iussum
1285 2595 1330 2628 et
1364 2586 1520 2627 statim
1553 2586 1756 2626 laniatus
1791 2586 1848 2625 ab
1885 2596 1952 2624 eO.

360 2730 585 2766 Adnotatio.
601 2729 792 2765 Primum
808 2739 995 2769 versum,
1007 2728 1076 2775 qui
1092 2738 1243 2763 verum
1254 2726 1546 2773 promythium
1566 2725 1953 2770 continetsequun-

249 2791 317 2819 tur
343 2785 384 2819 in
410 2795 451 2819 w
479 2783 653 2819 alterius
672 2782 905 2829 promythii
928 2782 1146 2828 reliquiae.
1169 2780 1285 2827 quod
1312 2779 1605 2826 promythium
1628 2778 1703 2814 fuit
1723 2788 1807 2813 non
1830 2776 1954 2813 huius

250 2837 324 2872 sed
354 2837 405 2872 tle
432 2843 615 2882 tyranno
643 2836 794 2872 simio
823 2835 1003 2874 fabulae.
1033 2845 1142 2881 quae
1169 2840 1232 2870 est
1258 2832 1378 2869 XVII
1405 2832 1531 2875 huius
1559 2831 1666 2867 libri.
1687 2841 1816 2878 quam
1836 2829 1952 2866 fabu-

252 2891 347 2929 lzun,
383 2898 427 2925 ut
460 2891 498 2925 in
533 2890 715 2925 Phaedri
750 2899 835 2924 non
870 2888 996 2925 soluti
1034 2887 1184 2923 codice
1216 2886 1259 2928 P,
1287 2887 1344 2922 ita
1376 2886 1418 2921 in
1446 2896 1484 2921 w
1512 2885 1608 2921 huic
1637 2884 1689 2920 de
1718 2884 1869 2920 leone
1895 2888 1954 2929 ty-
