2152 3229
239 165 315 192 xlv
950 167 1225 205 Prolegomena

237 282 437 321 ususque
487 270 795 310 instrumento
846 269 1009 309 critico
1060 282 1115 309 eo
1165 265 1307 321 quod'
1336 276 1435 310 erat
1485 271 1830 322 suppeditatum
1880 272 1936 311 ab

237 342 533 389 ΟΕςΤΕιῑιΕγ,
568 340 830 390 ΗΕΗνΙΕυΧ,
865 340 1045 380 TmELE
1080 340 1347 380 editoribus.

353 411 755 451 Bzssurneianus
797 410 945 451 Musei
986 411 1240 451 Britannici
1274 423 1347 450 nto
1380 413 1450 463 59,
1485 412 1687 463 scriptus
1720 424 1844 453 saec.
1879 406 1935 453 X.

235 481 479 521 ediderunt
519 481 772 532 separatim
813 481 1097 521 OESTERLEY
1145 482 1255 521 1870
1296 489 1341 522 et
1380 482 1644 533 HERVIEL'x,
1684 482 1794 522 Fab.
1835 483 1935 524 Lat.

234 549 291 591 II2
322 565 363 603 p.
404 553 646 593 195—233.

351 623 682 664 anossiani
725 623 901 663 codicis
949 635 1034 663 eae
1082 623 1267 663 fabulae
1318 635 1437 674 quae
1478 629 1691 675 sumptae
1733 631 1838 665 sunt
1879 637 1937 665 ex

237 694 442 734 Romulo.
478 695 534 734 de
570 706 659 745 quo
694 694 858 734 codice
893 707 934 734 v.
970 707 1010 746 p.
1046 693 1131 734 VII
1165 706 1230 745 sq.

348 764 411 806 w²
444 777 608 805 manus
640 765 849 805 secunda
884 765 1059 804 codicis
1090 776 1146 806 w.
1180 762 1244 806 w²
1277 771 1347 805 est
1380 765 1555 805 saeculi
1590 765 1665 805 XI.
1692 765 1823 805 cuius
1845 767 1936 806 lec-

232 835 381 876 tiones
414 836 595 875 THIELE
630 835 803 875 afferre
838 835 990 875 omisit
1026 847 1131 875 cum
1163 847 1336 886 magna
1371 835 1587 876 editionis
1620 848 1733 876 suae
1757 836 1937 876 iactura
1980 833 1987 839 '

233 912 277 946 et
310 907 619 946 incommodo.
655 907 710 945 de
744 903 807 947 wl
840 913 885 946 et
918 905 981 947 w²
1014 905 1072 946 cf.
1108 918 1227 957 quae
1262 918 1302 957 p.
1336 905 1401 952 IX
1434 907 1646 948 diximus.-

349 989 436 1017 nec
476 990 567 1017 non
607 977 857 1017 adhibendi
897 983 1003 1017 sunt
1043 977 1101 1017 ad
1143 977 1370 1028 quasdam
1402 977 1586 1018 fabulas
1619 978 1938 1018 recensendas
2001 1012 2014 1026 .·.

232 1048 333 1088 libri
367 1048 486 1088 MSF
521 1054 566 1088 et
599 1048 700 1089 VE.

347 1119 620 1159 Mzcodex
661 1119 768 1159 bibl.
818 1118 1023 1159 civitatis
1066 1119 1444 1159 Cenomanorum
1491 1120 1573 1169 (Le
1615 1119 1762 1170 Mans)
1810 1131 1934 1160 saec.

232 1189 344 1229 XIII.
380 1190 437 1229 de
473 1202 562 1241 quo
597 1190 780 1230 THIELE
814 1203 855 1242 p.
892 1190 1001 1230 CLI.

349 1261 598 1302 Szeditio
640 1261 986 1301 STEINHOWELII
1035 1273 1156 1301 anno
1207 1261 1316 1301 1476
1370 1261 1507 1301 edita.
1562 1285 1612 1289 —
1662 1261 1844 1301 THIELE
1892 1273 1933 1312 p.

230 1331 363 1372 CLII.

346 1402 750 1444 F=Florentinus
783 1403 889 1443 bibl.
924 1403 1137 1443 Mediceo
1170 1390 1518 1443 Laurentianae
1552 1415 1626 1442 n:o
1666 1404 1776 1443 1555
1809 1415 1933 1445 saec,

230 1473 342 1514 XIII.
379 1474 450 1514 ed.
484 1475 735 1514 HERVIEUX
769 1476 795 1514 1.
831 1487 872 1525 q.
908 1475 947 1514 d.
983 1486 1056 1525 pp.
1093 1474 1341 1514 474—512.

345 1546 381 1587 V
398 1565 441 1577 z
460 1545 837 1585 vindobonensis
860 1545 965 1585 bibl.
990 1557 1073 1585 ms.
1098 1546 1175 1585 lat.
1201 1545 1285 1585 303
1309 1557 1434 1585 saec.
1453 1544 1576 1585 XIV.
1597 1545 1667 1584 ed.
1687 1545 1936 1585 HERvffiux

226 1617 250 1655 l.
288 1629 328 1667 q.
363 1616 403 1656 d.
438 1628 511 1667 pp.
548 1616 794 1656 417—445.

342 1687 770 1727 Ezsserolinensis
810 1687 916 1727 bibl.
952 1699 1048 1738 reg.
1084 1689 1162 1727 lat.
1198 1687 1269 1727 Szo
1309 1687 1363 1727 87
1398 1686 1574 1727 saeculi
1608 1686 1712 1727 XV.
1749 1687 1805 1727 de
1840 1698 1930 1737 quo

225 1758 406 1798 THIELE
441 1771 482 1810 p.
519 1758 675 1799 CLVI.

342 1830 372 1870 E
407 1842 512 1869 cum
546 1831 582 1871 V
614 1830 827 1881 proxima
861 1829 1145 1880 cognatione
1181 1829 1458 1869 coniunctus
1494 1835 1577 1869 est.

343 1900 415 1940 De
461 1912 486 1942 1‘
527 1900 701 1952 sumpsi
748 1900 949 1951 quinque
996 1899 1193 1940 fabulas.
1252 1900 1458 1951 aliasque
1506 1900 1581 1939 vel
1632 1899 1816 1939 correxi
1858 1900 1934 1938 vel

225 1971 437 2023 supplevi
471 1971 677 2011 adhibito
711 1971 921 2011 Romulo.

683 2205 826 2250 CAP.
863 2204 918 2250 II.
982 2204 1074 2249 DE
1111 2203 1385 2250 GENERE
1420 2210 1471 2253 Ψ.

343 2326 709 2367 Collectionibus
743 2337 770 2368 a
794 2338 836 2368 w
861 2338 885 2367 Ρ
918 2338 1037 2377 quae
1073 2326 1371 2366 continentur
1405 2324 1590 2364 fabulae
1624 2324 1793 2375 partim
1824 2330 1928 2377 sunt

224 2398 280 2437 de
321 2397 548 2447 Phaedro,
590 2398 758 2449 partim
799 2397 984 2437 aliunde
1025 2404 1103 2436 aut
1143 2396 1324 2436 dubiae.
1369 2407 1488 2447 quae
1530 2402 1687 2436 autem
1726 2402 1832 2436 sunt
1871 2395 1927 2434 de

226 2468 450 2519 Phaedro,
488 2480 571 2508 eae
606 2470 709 2520 plus
742 2468 954 2508 minusve
989 2479 1015 2507 a
1048 2468 1261 2507 Phaedro
1295 2468 1395 2519 ipso
1419 2467 1593 2507 distare
1617 2466 1925 2518 reperiuntur.

225 2546 445 2589 quantum
493 2545 650 2579 autem
696 2550 908 2590 quaeque
948 2538 1243 2578 Phaedriana
1286 2538 1444 2578 fabula
1476 2537 1688 2590 prosaria
1728 2536 1867 2576 distet
1901 2548 1928 2575 a

226 2610 449 2658 Phaedro,
484 2616 581 2650 tum
614 2610 800 2649 demum
835 2609 1079 2660 apparebit
1115 2621 1219 2649 eum
1253 2621 1465 2649 normam
1500 2609 1540 2648 ei
1573 2607 1772 2648 Phaedri
1805 2606 1926 2646 adhi—

224 2681 391 2720 bueris.
427 2681 548 2732 quod
582 2692 671 2730 ego
704 2680 864 2720 facere
891 2687 1087 2720 conatus
1110 2692 1211 2720 sum
1235 2681 1323 2720 hoe
1348 2680 1478 2719 libro.
1505 2690 1595 2730 qua
1617 2690 1781 2718 norma
1804 2677 1926 2717 adhi-

224 2751 317 2791 bita
358 2752 582 2802 plurimae
623 2749 811 2791 fabulae
852 2751 1040 2801 generis
1073 2753 1105 2792 R
1139 2751 1199 2801 <id
1234 2758 1303 2791 est
1337 2750 1513 2801 Aesopi
1548 2749 1604 2789 ad
1638 2748 1825 2798 Rufum)
1862 2748 1925 2787 ita

223 2822 415 2861 refictae
451 2834 554 2862 esse
588 2822 885 2873 reperiuntur
917 2829 964 2862 ut
998 2822 1238 2862 Phaedrus
1272 2822 1315 2861 in
1349 2821 1403 2861 iis
1435 2821 1514 2860 vix
1546 2820 1692 2878 possit
1716 2819 1922 2870 agnosci.

223 2892 323 2932 aliis
362 2905 474 2932 vero
510 2893 712 2933 certiora
746 2893 1064 2933 Phaedrianae
1099 2894 1175 2932 vel
1209 2891 1424 2932 dictionis
1457 2893 1532 2931 vel
1567 2889 1924 2930 versificationis
