2152 3229
225 179 314 207 XXX
939 182 1215 222 Prolegomena

224 285 370 325 vicias
403 285 572 325 intulit:
609 287 634 325 9
668 286 828 335 utlagis
862 305 906 318 z
938 287 1054 337 plus,
1094 287 1138 327 11
1176 288 1333 339 sicque
1364 308 1408 321 z
1441 289 1508 328 sic
1542 289 1588 340 P,
1629 303 1717 330 sua
1740 311 1783 324 :z
1808 292 1919 340 eius,

224 356 424 405 (lfffsi'lldl's
453 376 497 388 z
530 356 676 407 potita
710 363 793 397 est.
831 381 883 384 —
918 359 943 397 9
978 358 1111 397 tertia
1145 370 1172 398 a
1205 378 1249 391 z
1282 359 1482 408 tertiam,
1518 361 1614 401 scil.
1641 362 1766 402 tollo.
1815 375 1922 403 nam

223 434 318 465 tum
368 438 473 466 cum
515 438 664 477 genus
696 442 725 478 (s
762 436 921 468 natum
956 436 1039 478 est,
1075 441 1136 468 -m
1169 430 1329 469 ultima
1363 431 1622 471 accusativi
1654 431 1924 484 frequenter

223 497 488 552 scriptione,
523 498 795 550 plerumque
820 511 940 539 voce
965 499 1279 540 omittebatur.
1305 501 1394 541 hoc
1418 501 1556 551 igitur
1577 503 1682 542 loco
1707 504 1828 554 quod
1852 511 1922 545 est

223 568 264 606 in
300 567 339 606 ‹I›
369 569 516 617 tertia,
551 568 596 608 id
629 584 657 620 ‘l‘
695 570 895 621 retinuit,
931 571 1014 610 sed
1039 570 1331 612 conformata
1354 574 1492 623 paulo
1516 572 1652 612 aliter
1676 574 1921 614 sententia.

223 639 295 678 cui
340 638 406 678 rei
453 647 705 690 cognatum
741 648 810 681 est
845 642 967 693 quod
1000 656 1032 692 φ
1067 654 1172 681 cum
1205 649 1407 683 mutaret
1439 643 1732 695 sententiam,
1767 651 1925 685 tamen

222 710 407 761 saepius
455 712 688 752 retinebat
723 712 925 763 aliquam
960 713 1305 753 similitudinem
1338 713 1612 763 litterarum,
1646 722 1695 755 ut
1733 716 1775 755 11
1817 717 1923 758 sola

222 781 390 822 P:sua
438 795 465 822 a
514 782 574 831 (id
623 790 693 822 est
742 782 806 835 cs),
861 784 911 823 10
951 784 1080 825 malo
1130 785 1370 835 adficietur
1402 785 1609 827 Ptmale
1647 786 1850 837 patietur
1882 799 1921 827 a.

221 864 502 904 quamquam
550 853 749 894 fortasse
798 854 985 906 saepius
1031 857 1327 906 corruptelae
1363 867 1506 896 causa
1539 856 1627 896 sita
1661 869 1764 897 esse
1797 858 1922 898 vide-

220 931 294 962 tur
340 923 384 962 in
431 935 589 964 errore
638 925 825 974 legendi
859 932 937 964 aut
969 925 1321 977 interpretandi.
1359 951 1410 955 —
1444 927 1579 967 huius
1612 927 1797 968 fabulae
1833 929 1922 968 duo

220 994 390 1033 senarii
439 994 643 1034 continui
691 997 716 1034 5
766 1004 810 1036 et
860 998 884 1035 6
933 997 1071 1037 soluti
1103 1004 1209 1037 sunt
1242 997 1399 1037 verbis
1431 997 1595 1038 iisdem
1628 999 1711 1038 sed
1743 1006 1922 1039 mutato

220 1065 399 1105 ordine:
449 1067 475 1104 Γ)
523 1066 574 1105 Ιῑί
616 1078 718 1106 cnm
763 1067 993 1118 cepissent
1037 1079 1226 1107 cervum
1261 1069 1392 1108 vaste·
1418 1069 1632 1120 corporis
1664 1081 1709 1109 >
1741 1070 1792 1109 lzz'
1820 1082 1924 1110 cum

219 1136 450 1187 cepissent
494 1137 626 1177 vasti
667 1140 882 1188 corporis
929 1150 1133 1188 cervmn,
1185 1140 1215 1177 6⁷
1257 1139 1325 1179 sic
1369 1143 1440 1179 est
1484 1140 1664 1180 locutus
1703 1141 1924 1192 partibus

206 1207 354 1256 sactis
388 1207 455 1247 leo
488 1220 533 1247 >
553 1209 701 1259 factis
728 1209 948 1260 partibus
983 1210 1052 1249 sic
1085 1214 1156 1250 est
1187 1211 1369 1251 locutus
1402 1211 1485 1251 leo.

756 1383 986 1429 LVPVS
1020 1383 1106 1428 ET
1140 1384 1337 1430 AGNV
1342 1385 1392 1430 S.

541 1496 564 1521 a
598 1485 623 1521 3
657 1484 716 1532 ιφ)
1414 1482 1452 1521 Φ
1483 1488 1499 1524 Ι
1537 1489 1553 1524 1
1591 1488 1623 1524 Ρ

218 1567 365 1615 Lupus
419 1574 459 1604 et
512 1579 651 1615 agnus
705 1555 758 1605 ad
812 1569 955 1605 rivum
997 1599 1034 1606 ..
1112 1569 1183 1606 Ad
1206 1571 1348 1607 rivum
1372 1570 1559 1607 eundem
1581 1572 1708 1618 lupus
1727 1577 1767 1608 et
1785 1582 1925 1619 agnus

335 1645 560 1676 venerunt.
1225 1647 1437 1678 venerant

279 1741 284 1746 .
320 1711 520 1757 superior
555 1741 589 1747 ..
625 1711 764 1758 lupus.
1107 1711 1175 1748 siti
1192 1713 1632 1760 compulsi.superior
1646 1713 1924 1760 stabatlupus

217 1792 347 1828 longe
389 1812 424 1818 ..
468 1782 648 1818 inferior
701 1792 853 1829 agnus.
920 1782 1030 1819 Tum
1107 1784 1324 1831 longeque
1357 1784 1537 1821 inferior
1569 1790 1736 1831 agnus·
1804 1783 1925 1820 Tunc

334 1853 459 1888 fauce
492 1853 690 1899 improba
1232 1855 1326 1891 face
1359 1855 1558 1902 improba

217 1930 327 1970 ‘atro
361 1923 574 1960 incitatus.
611 1924 753 1970 iurgio
787 1923 904 1960 dixit.
1110 1925 1220 1961 latro
1252 1925 1454 1962 incitatus
1487 1926 1619 1972 iurgii
1654 1936 1830 1962 causam
1865 1926 1924 1961 in-

1226 1996 1320 2032 tulit
1341 2002 1346 2008 '

171 2073 189 2100 3
217 2063 305 2101 Cur
341 2094 376 2101 ..
411 2065 630 2102 turbulent
670 2065 808 2101 iecisti
848 2065 953 2101 mihi
1104 2066 1224 2111 Quur
1282 2067 1420 2114 inquit
1471 2067 1765 2103 turbulentam
1818 2067 1922 2103 mihi

1222 2137 1363 2174 iecisti

217 2217 373 2254 aquam
409 2237 445 2243 ..
482 2207 674 2254 Laniger
710 2218 825 2252 ...;
1104 2219 1261 2255 aquam
1313 2209 1502 2245 bibenti?
1552 2209 1724 2256 laniger
1772 2215 1922 2246 contra

1221 2279 1380 2315 timens

215 2349 439 2393 Quomodo
472 2348 565 2385 fieri
599 2350 761 2396 potest?
1104 2350 1174 2397 qui
1223 2361 1399 2397 possum
1434 2362 1596 2398 quaeso
1629 2352 1773 2388 facere
1807 2350 1920 2398 quod

1223 2421 1370 2468 queris
1403 2422 1527 2469 lupe?

216 2490 317 2527 dum
366 2502 390 2527 a
437 2497 478 2528 te
525 2492 666 2539 liquor
705 2491 942 2528 decurrens
976 2491 1029 2527 ad
1106 2491 1143 2527 A
1188 2498 1229 2528 te
1275 2492 1467 2529 decurrit
1499 2493 1553 2529 ad
1587 2503 1707 2530 meos
1740 2493 1918 2529 haustus

333 2572 478 2598 meum
511 2573 558 2598 os
592 2563 709 2611 venit
1221 2563 1390 2610 liquor·

215 2631 261 2667 L.
301 2659 546 2669 .........
1103 2633 1318 2680 Repulsus
1351 2635 1423 2671 ille
1455 2635 1650 2671 veritatis
1682 2634 1876 2670 viribus·

148 2702 328 2739 1‹›Ante
375 2704 452 2739 hos
500 2714 573 2740 sex
619 2714 791 2740 menses
827 2734 862 2740 ..
898 2706 1027 2741 male—
1103 2710 1201 2741 ante
1249 2705 1326 2742 hos
1375 2715 1450 2741 sex
1488 2715 1660 2741 menses
1699 2705 1756 2741 ait
1789 2705 1918 2741 male-

333 2774 476 2811 dixisti
510 2775 633 2816 mihi:
1221 2775 1365 2812 dixisti
1399 2776 1531 2812 mihi·

215 2856 276 2891 rp.
315 2875 320 2880 .
345 2876 349 2880 .
374 2876 378 2881 .
403 2876 408 2880 .
432 2876 437 2881 ,
474 2845 567 2882 Non
601 2857 719 2882 eram
753 2852 878 2882 natus
900 2854 906 2859 ·
1100 2846 1338 2894 Respondit
1369 2853 1535 2893 agnus·
1563 2846 1761 2894 equidem
1788 2852 1914 2882 natus

1219 2928 1303 2953 non
1338 2927 1457 2953 eram
1471 2927 1478 2962 ;
