2152 3229
811 201 900 241 Cap.
928 201 955 231 Ι.
991 201 1062 231 ·De
1089 200 1190 231 libris
1219 209 1321 230 awr
1872 196 1917 222 IX

219 306 398 358 grapho
449 305 710 346 fabularum
743 316 785 346 w
820 316 874 344 eo
909 304 1031 355 quod
1063 304 1316 344 HERVIEUX
1347 304 1459 343 Fab.
1496 305 1573 342 lat.
1608 300 1662 343 Π2
1694 314 1736 353 p.
1776 302 1914 341 157—

224 377 304 417 192
343 376 566 426 ediderat,
602 375 869 416 confectum
909 376 966 415 ab
1006 375 1313 414 HEINEMANNO
1337 374 1581 426 praefecto
1606 372 1916 413 bibliothecae

218 447 620 498 Welierbytanae.
660 458 812 498 neque
854 436 976 486 enim
1017 445 1145 496 potui
1184 445 1250 485 uti
1290 444 1540 485 collatione
1581 456 1638 483 ea
1672 455 1810 494 quam
1844 443 1917 483 de-

219 519 353 558 derat
385 518 567 557 THIELE
600 517 645 557 in
676 517 793 557 libro
823 516 899 567 qui
920 515 1187 556 inscribitur
1208 517 1290 554 der
1312 515 1389 555 lat.
1414 505 1543 565 Asos>
1568 516 1647 554 des
1670 514 1916 554 Romulus.

220 601 339 640 quae
375 589 562 628 collatio
596 595 666 628 est
698 598 881 636 manca,
916 586 1038 637 quod
1065 586 1246 625 THIELE
1285 585 1437 625 omisit
1468 584 1641 625 codicis
1664 596 1706 626 w
1730 596 1917 624 manum

219 660 488 710 secundam,
538 670 657 710 quae
697 658 887 698 saeculo
924 656 988 696 XI
1027 656 1241 696 codicem
1279 667 1322 697 w
1355 662 1403 696 ut
1437 656 1647 706 graviter
1679 655 1813 695 laesit
1849 667 1917 695 ra-

217 730 369 770 dendo
402 730 466 770 ita
499 729 702 769 correxit
734 735 779 768 et
808 727 1052 779 supplevit.
1086 739 1196 766 nam
1218 723 1282 768 w2
1304 739 1397 766 non
1419 727 1556 766 modo
1581 728 1725 766 multa
1749 728 1919 767 menda

218 801 392 840 codicis
424 811 468 841 w
499 799 664 839 inscite
699 805 744 838 et
777 799 1088 849 neglegenter
1120 794 1280 849 scripti
1313 798 1486 849 optime
1513 797 1730 846 correxit,
1758 809 1918 837 verum

218 871 358 911 etiarn
390 871 450 911 ad
481 870 630 922 ipsam
662 881 851 910 manum
883 868 943 911 w¹
981 869 1322 909 aestimandam
1355 876 1401 908 et
1434 868 1761 919 indagandam,
1800 880 1918 919 quae

218 943 300 981 sub
333 940 397 983 w²
430 940 701 992 saepissime
734 941 892 989 lateat,
926 937 988 981 w²
1023 940 1233 980 adhiberi
1264 952 1461 979 necesse
1497 946 1581 980 est.

336 1012 604 1052 Communis
642 1011 744 1051 fons
783 1011 1084 1062 plurimarum
1122 1022 1164 1052 w
1204 1018 1248 1051 et
1288 1022 1312 1052 1³
1352 1010 1615 1050 fabularum
1657 1010 1740 1050 fuit
1780 1012 1919 1050 Aeso-

213 1090 307 1135 pus
347 1084 408 1122 ad
443 1084 620 1133 Rufmn
660 1081 763 1132 (R)l
802 1082 890 1131 ille,
927 1094 1064 1133 quem
1103 1083 1240 1122 modo
1281 1082 1493 1122 diximus.
1529 1081 1660 1121 cuius
1693 1081 1920 1121 memoria

216 1154 443 1205 integrior
473 1154 635 1194 codice
663 1165 706 1195 w
729 1160 921 1193 servata
944 1161 1028 1193 est.
1054 1153 1184 1193 cuius
1206 1155 1418 1204 syllogae
1443 1164 1527 1203 per
1551 1152 1752 1203 quinque
1777 1153 1921 1192 libros

217 1225 394 1265 divisae
435 1232 480 1265 et
518 1226 740 1276 prologus
780 1233 825 1264 et
865 1224 1089 1275 epilogus,
1112 1230 1170 1263 et
1209 1236 1292 1264 suo
1336 1224 1522 1274 quidem
1562 1231 1759 1274 uterque
1801 1225 1919 1272 loco,

218 1296 262 1336 in
300 1307 343 1337 w
382 1296 447 1335 ita
485 1302 702 1335 servatus
743 1304 813 1335 est
852 1302 900 1334 ut
933 1307 1085 1346 pauca
1123 1295 1288 1335 desint.
1325 1295 1447 1345 quod
1480 1306 1619 1334 secus
1652 1301 1723 1334 est
1756 1294 1802 1334 in
1834 1294 1918 1333 R'o-

217 1368 340 1406 mulo
374 1378 399 1407 1‘
418 1364 442 1407 1.
507 1366 731 1406 Romulus
755 1366 877 1405 enim
900 1365 1042 1405 filium
1064 1366 1334 1405 Tiberinum
1357 1365 1618 1416 adloquens
1642 1366 1749 1405 dum
1774 1366 1920 1406 Aeso—

217 1449 326 1489 pum
364 1438 490 1477 illum
528 1437 603 1488 qui
642 1437 700 1477 ad
739 1437 909 1476 Rufum
948 1437 1149 1487 scriptus
1189 1443 1291 1476 erat
1331 1448 1464 1476 suum
1506 1448 1625 1483 esse,
1661 1449 1687 1476 a
1728 1448 1919 1487 graeco-

218 1521 306 1560 que
340 1509 518 1559 Aesopi
548 1509 651 1548 illas
683 1508 866 1548 fabulas
898 1520 926 1547 a
958 1520 1007 1548 se
1043 1520 1300 1548 conversas
1333 1519 1437 1547 esse
1471 1507 1704 1553 mentitur,
1740 1519 1828 1558 quo
1859 1507 1919 1547 fa-

219 1580 350 1620 cilius
382 1567 602 1619 nebulam
635 1579 782 1619 oculis
814 1579 1070 1629 legentium
1104 1579 1383 1629 offunderet,
1418 1580 1663 1630 prologum
1696 1579 1919 1618 librorum

217 1651 398 1690 illorum
430 1662 544 1701 quos
577 1650 877 1701 surripuerat,
913 1662 1002 1701 quo
1026 1649 1226 1700 scriptor
1247 1649 1321 1689 ille
1346 1649 1523 1700 Aesopi
1547 1649 1793 1689 adlocutus
1818 1656 1919 1689 erat

217 1721 398 1772 Rufum,
433 1721 694 1773 discerpsit,
729 1720 996 1772 addiditque
1030 1721 1232 1772 priorem
1256 1728 1435 1772 partem
1463 1720 1660 1772 epilogo,
1687 1733 1745 1760 ex
1767 1727 1919 1771 poste-

215 1792 336 1831 riore
370 1803 476 1832 cum
510 1792 611 1832 aliis
643 1792 788 1832 mixta
820 1794 1065 1844 prologum
1099 1792 1382 1843 compilavit.
1417 1792 1460 1831 in
1495 1804 1598 1844 quo,
1618 1792 1767 1842 prima
1800 1793 1918 1831 haec

216 1863 272 1903 de
306 1874 409 1903 suo:
451 1859 710 1903 »Romulus
744 1863 950 1914 &berino
973 1863 1093 1915 filio.
1157 1864 1228 1902 Dc
1260 1863 1443 1902 cavitate
1467 1863 1605 1902 attica
1628 1869 1801 1914 esopus
1826 1864 1918 1915 qus-

213 1935 322 1973 dam
360 1934 496 1974 lzomo
534 1946 739 1985 graecus
771 1938 815 1974 et
844 1934 1123 1985 ingeniosus
1142 1934 1359 1984 scmmlos
1390 1945 1507 1973 snos
1540 1935 1668 1973 docet
1699 1934 1810 1985 qm'd
1840 1935 1917 1973 lto-

215 2005 363 2044 mz'tzes
395 2006 648 2044 observare
680 2006 912 2045 debeant».
947 2004 1053 2044 vide
1087 2005 1286 2044 hominis
1318 2012 1569 2055 stuporem,
1596 2004 1672 2055 qui
1694 2005 1759 2045 sic
1783 2005 1919 2044 inter—

215 2081 427 2127 pretatus
465 2075 522 2116 sit
562 2078 709 2116 verba
747 2076 946 2116 Phaedri
984 2076 1000 2115 I
1040 2076 1078 2115 2.
1114 2078 1139 2116 6
1174 2088 1240 2127 sq.
1288 2076 1398 2115 Cum
1433 2076 1611 2115 tristem
1644 2076 1918 2115 servitutem

202 2147 376 2196 flerent
406 2143 551 2187 Attice·
578 2171 634 2174 —
658 2171 710 2174 ——
739 2171 790 2174 —
826 2148 1042 2197 Aesopus
1075 2147 1210 2186 talem
1244 2151 1339 2186 tum
1361 2147 1591 2197 fabellam
1625 2147 1810 2186 rettulit.
1846 2147 1919 2186 de-

217 2216 353 2268 nique
394 2224 497 2269 post
530 2218 705 2257 inserta
739 2218 984 2269 quaedam,
1019 2230 1138 2269 quae
1173 2219 1229 2257 de
1264 2230 1347 2257 suo
1380 2217 1521 2267 fonte,
1558 2218 1602 2257 id
1637 2226 1707 2257 est
1741 2217 1918 2269 Aesopi

217 2287 275 2326 ad
307 2287 478 2327 Rufum
510 2289 719 2339 prologo,
759 2296 1036 2340 sumpserat,
1070 2289 1412 2340 praefationem
1447 2288 1681 2328 concludit
1715 2289 1786 2328 his
1819 2300 1918 2327 ver-

218 2358 307 2397 bis:
347 2358 426 2397 »Id
456 2371 544 2409 ego
578 2360 790 2399 romulus
823 2360 1051 2400 transtuli
1073 2361 1127 2399 de
1147 2371 1319 2410 graeco
1343 2360 1390 2399 l'll
1414 2360 1653 2399 latiunmae
1680 2366 1917 2411 postremo

217 2429 359 2468 filium
402 2429 616 2469 hortatur
653 2437 702 2469 ut
741 2442 798 2470 ea
830 2436 1008 2470 attente
1040 2431 1181 2481 legat.
1216 2431 1393 2470 initium
1427 2438 1584 2471 autem
1616 2430 1919 2482 praefationis

218 2499 393 2539 veteris
441 2499 626 2550 epilogo
675 2500 849 2540 addidit
898 2512 1003 2540 cum
1050 2501 1121 2541 his
1168 2502 1326 2541 verbis
1379 2500 1696 2542 MAGISTRO
1748 2500 1915 2541 RVFO

218 2569 513 2610 AESOPVS.
551 2581 594 2611 w
633 2577 790 2610 autem
822 2583 910 2611 nec
944 2572 1192 2623 quidquam
1226 2571 1532 2625 praefationis
1565 2584 1649 2612 sua
1682 2572 1793 2611 sede
1826 2584 1917 2611 mo-

217 2640 296 2690 vit,
331 2647 376 2680 et
409 2653 550 2692 supra
582 2641 757 2692 scripta
790 2641 827 2680 si
859 2653 948 2680 non
984 2642 1168 2692 integra
1201 2649 1247 2682 at
1280 2642 1429 2682 minus
1461 2649 1680 2682 truncata
1700 2643 1819 2682 haec
1845 2654 1918 2682 ex-

216 2704 344 2761 hibet
364 2723 371 2751 :
392 2711 612 2752 INCIPIT
644 2711 823 2751 LIBER
852 2711 1029 2751 YSOPI
1050 2709 1052 2766 1
1073 2712 1390 2753 MAGISTRO
1415 2713 1583 2753 RVFO
1609 2712 1889 2753 AESOPUS
1912 2742 1913 2767 3

220 2781 527 2822 SALVTEM.
562 2794 681 2833 quae
715 2782 815 2834 ipsa
849 2794 953 2821 cum
987 2781 1076 2821 sint
1110 2789 1342 2834 corrupta,
1367 2790 1525 2823 tamen
1548 2784 1708 2823 nescio
1734 2795 1791 2823 an
1816 2795 1917 2834 pos-

255 2918 258 2919 7
337 2876 347 2894 ¹
382 2879 571 2919 Aesopum
598 2881 644 2910 ad
672 2879 819 2917 Rufum,
848 2885 885 2910 ut
912 2879 1050 2910 fontem
1078 2879 1235 2915 Romuli,
1263 2880 1388 2910 littera
1413 2876 1447 2910 R
1473 2881 1690 2919 maiuscula,
1719 2881 1916 2911 Romulum

218 2942 342 2968 autem
368 2937 499 2978 ipsum,
528 2947 565 2968 ut
592 2939 866 2977 secundarium,
894 2938 1100 2969 minuscula
1127 2943 1147 2967 r
1173 2938 1343 2977 designo.
