2152 3229
233 163 342 190 XXIV

235 274 446 309 iacentem
467 273 508 309 in
534 273 715 319 indigno
738 274 844 309 1000.
870 272 933 309 sic
956 272 1014 308 ait
1034 278 1041 286 ·

351 344 465 379 bona
503 354 574 379 res
611 344 654 379 in
688 349 881 380 stercore
914 343 1043 379 iaces.

234 415 269 450 si
302 421 342 450 te
376 414 558 461 cupidus
594 414 830 451 invenisset

187 565 207 595 5
234 556 402 592 redires
431 555 484 592 ad
515 555 789 603 splendorem
815 555 1046 602 pristinum

353 626 524 663 decoris
557 628 631 663 tui.

236 708 318 744 ego
367 698 438 744 qui
478 703 517 734 te
560 698 705 734 inveni
748 698 789 734 in
835 698 915 733 hoe
954 698 1048 733 loco

353 769 495 816 potius
528 779 673 805 escam
709 779 883 816 quaero.

236 850 316 876 nec
348 840 425 875 tibi
449 850 532 886 ego
555 850 733 886 prosum
757 850 836 875 nec
860 844 903 875 tu
928 838 1046 875 mihi.

238 982 356 1018 Haec
381 982 465 1017 illis
488 981 689 1028 Aesopus
714 986 862 1017 narrat
886 981 957 1028 qui
980 991 1048 1016 me

355 1064 439 1089 non
473 1052 743 1099 intellegunt.

942 164 1219 203 Prolegomena

1120 272 1236 308 iaces
1269 271 1476 317 indigno·
1497 277 1657 319 quanta
1689 283 1760 309 res
1793 273 1931 320 inquit

1239 343 1334 379 loco
1356 348 1361 355 ·

1121 413 1200 449 hoc
1224 413 1258 449 si
1281 413 1376 460 quis
1400 413 1526 460 pretii
1554 413 1737 460 cupidus
1751 414 1933 451 vidisset

1239 485 1298 520 tui
1317 490 1323 497 ·

1121 555 1223 591 olim
1239 554 1430 591 redisses
1445 555 1497 591 ad
1513 555 1790 602 splendorem
1804 555 1932 591 maxi-

1242 632 1380 662 mum·

1123 707 1206 743 ego
1251 696 1365 744 quod
1407 702 1447 733 te
1493 697 1638 733 inveni
1682 697 1824 744 potior
1865 697 1932 733 cui

1241 768 1374 804 multo
1408 773 1472 804 est
1505 767 1628 804 cibus

1123 849 1203 874 nec
1236 838 1313 874 tibi
1346 838 1553 885 prodesse
1586 849 1665 874 nec
1689 838 1793 874 mihi
1818 838 1932 885 quic-

1243 919 1371 956 quam
1404 914 1549 956 potes·

1123 980 1217 1016 Hoc
1256 980 1340 1016 illis
1379 990 1508 1016 narro
1549 980 1620 1027 qui
1655 990 1724 1015 me
1757 990 1841 1016 non
1875 980 1934 1016 in-

1240 1051 1464 1097 tellegunt.

356 1154 637 1196 Adnotatio.
672 1159 807 1195 verba
840 1158 1016 1205 generis
1049 1168 1070 1193 r
1103 1157 1302 1194 dedimus
1337 1168 1388 1194 ex
1422 1156 1467 1193 B.
1508 1176 1553 1180 —
1596 1154 1613 1193 1
1644 1157 1697 1194 In
1719 1157 1934 1204 sterquili-

238 1231 309 1268 m'o
342 1241 389 1266 r:
410 1241 480 1266 om
513 1241 565 1266 w.
605 1249 651 1252 ——
688 1230 841 1276 pullus
872 1229 1142 1276 gallinacius
1164 1239 1170 1264 :
1185 1229 1338 1276 pullus
1369 1228 1634 1275 gallinatius
1667 1239 1707 1264 w
1728 1239 1734 1263 :
1755 1227 1934 1274 quidam

237 1301 508 1349 gallinacius
540 1308 573 1338 r.
615 1321 659 1323 —
697 1297 722 1337 2
756 1301 861 1337 (lum
895 1300 1068 1347 quaerit
1100 1311 1243 1337 escam
1277 1310 1298 1335 r
1320 1310 1325 1335 :
1347 1311 1445 1336 cum
1479 1302 1707 1346 quaereret
1739 1310 1859 1336 escas
1882 1310 1934 1334 w.

243 1392 289 1396 —
327 1372 517 1419 repperit
556 1370 856 1419 margaritam
889 1371 1144 1408 w:i›1vem't
1181 1370 1481 1417 margaritam
1515 1380 1548 1406 r.
1588 1389 1636 1393 ——
1674 1368 1716 1406 3.
1750 1370 1813 1407 sic
1845 1370 1934 1406 ait:

240 1455 372 1491 quam
407 1448 455 1480 nt
485 1443 601 1480 >videt
631 1443 694 1480 sic
727 1443 789 1479 ait
821 1453 842 1478 1·
862 1454 867 1478 ;
886 1446 926 1479 et
958 1454 1056 1479 cnm
1091 1442 1254 1478 doleret
1285 1442 1348 1479 sic
1381 1441 1443 1477 ait
1464 1441 1615 1488 fertur
1647 1451 1700 1478 w.
1741 1460 1786 1463 -
1825 1441 1936 1477 bona

240 1527 309 1552 res
348 1515 391 1551 ιἰι
430 1519 618 1552 stercore
651 1515 764 1551 iaces
804 1524 824 1549 1·
845 1525 850 1549 :
871 1514 1017 1560 ⁴Quare
1056 1513 1099 1549 in
1138 1512 1413 1558 sterquilinio
1447 1512 1595 1549 iaces.)
1622 1523 1674 1548 w.
1714 1531 1760 1534 —
1797 1507 1841 1548 5.
1876 1523 1936 1548 re-

240 1586 356 1623 dires
388 1597 428 1622 w
450 1597 456 1621 τ
478 1597 560 1632 qno
599 1585 766 1631 gaudio
805 1584 1026 1631 rapuisset
1063 1588 1111 1621 ut
1142 1583 1306 1620 redires
1340 1593 1374 1618 r.
1414 1602 1461 1606 -—
1493 1583 1736 1630 pristinmn
1770 1582 1937 1620 decoris

241 1658 307 1694 tui
342 1667 395 1693 r:
423 1661 547 1693 tumn
582 1656 825 1703 pristinum
867 1659 906 1692 et
944 1655 1111 1693 decoris
1149 1656 1298 1692 vultus
1340 1654 1406 1691 teti
1444 1665 1496 1690 W.
1542 1673 1588 1676 ——
1630 1653 1870 1700 pristinum
1902 1652 1939 1689 R

241 1726 301 1773 (Z
318 1728 398 1773 wr)
421 1728 692 1764 :maximmn
726 1727 771 1763 P.
812 1746 858 1750 -—
886 1723 938 1763 ,6.
972 1727 1070 1773 Ego
1104 1726 1181 1772 qm'
1211 1730 1249 1762 te
1282 1725 1432 1764 inveni
1463 1736 1500 1761 w
1522 1736 1527 1760 z
1546 1725 1643 1771 Ego
1675 1728 1713 1761 te
1735 1724 1884 1762 inveni
1904 1734 1938 1760 r.

244 1819 291 1822 —
329 1801 418 1837 loco
452 1810 490 1835 w
512 1810 518 1835 z
539 1800 629 1836 loco
663 1799 873 1835 iacentem
906 1808 939 1833 r.
980 1817 1030 1819 —
1057 1796 1208 1844 potius
1241 1808 1384 1834 escam
1418 1808 1579 1842 quaero
1601 1807 1606 1831 :
1623 1795 1772 1842 potins
1795 1807 1939 1833 escam

241 1882 401 1917 quaero
435 1882 568 1917 qnam
603 1873 641 1906 te
673 1880 712 1905 w
733 1880 739 1904 t
756 1869 905 1916 potins
937 1868 1049 1905 mihi
1080 1879 1223 1906 escam
1258 1878 1419 1914 quaero
1453 1878 1485 1903 r.
1521 1886 1564 1889 —
1593 1863 1635 1904 7.
1660 1878 1736 1904 nec
1759 1866 1839 1903 tibi
1860 1878 1940 1913 ego

237 1947 421 1989 prosum
465 1953 540 1978 nec
580 1945 625 1977 tu
665 1940 777 1977 milti
807 1950 858 1975 r:
886 1951 962 1977 nec
1001 1951 1082 1986 ego
1130 1950 1230 1976 sum
1266 1938 1345 1975 tibi
1371 1938 1508 1985 prode
1539 1949 1616 1975 nec
1651 1941 1696 1974 tu
1730 1937 1842 1974 milti
1872 1949 1940 1974 ne-

242 2012 432 2050 cessaria
465 2023 518 2048 w.
557 2030 608 2034 —-
643 2007 684 2048 8.
720 2012 838 2048 Haec
871 2011 958 2048 illis
991 2011 1186 2056 Aesopus
1219 2012 1376 2046 narrat
1403 2009 1479 2055 qui
1498 2020 1585 2046 non
1609 2008 1871 2055 intellegunt
1891 2018 1938 2044 r:

240 2085 363 2121 Haec
396 2083 474 2120 tibi
505 2088 660 2129 esopns
694 2086 852 2119 narrat
882 2082 958 2128 qui
989 2093 1058 2118 me
1090 2093 1176 2118 non
1210 2080 1429 2126 intellegis
1463 2091 1514 2115 w.

360 2198 392 2237 R
430 2196 581 2247 igitur,
622 2207 712 2247 quo
751 2196 839 2235 hae
879 2193 1158 2234 recensione
1201 2193 1513 2245 pervenimus,
1548 2192 1698 2232 minus
1733 2203 1870 2243 quam
1904 2203 1940 2243 Ρ,

242 2268 392 2308 minus
425 2279 563 2319 quam
596 2278 638 2308 w
671 2267 811 2307 distat
845 2278 872 2306 a
903 2265 1130 2305 Phaedro.
1166 2276 1255 2304 nec
1289 2276 1403 2304 vero
1436 2264 1525 2303 hac
1549 2263 1623 2302 via
1648 2263 1707 2302 ad
1729 2264 1761 2304 R
1784 2261 1943 2303 licebit

244 2339 491 2391 pervenire
540 2338 626 2378 nisi
672 2338 717 2377 in
766 2337 819 2377 iis
858 2335 1025 2376 fabulis
1067 2347 1096 2377 a
1133 2347 1176 2377 w
1216 2346 1240 2377 ι’
1283 2347 1401 2386 quae
1443 2335 1582 2374 etiam
1618 2341 1780 2374 extant
1813 2333 1857 2373 in
1891 2330 1940 2373 Φ.

244 2421 359 2461 quas
405 2409 724 2449 Phaedrianas
772 2408 1085 2459 paraphrases
1132 2413 1462 2446 recensentem
1501 2406 1539 2445 Φ
1578 2411 1800 2456 tanquam
1839 2415 1941 2444 nor—

244 2492 366 2520 mam
407 2479 629 2519 adhibere
673 2485 871 2530 oportet,
906 2477 1085 2518 scilicet
1118 2489 1208 2517 non
1244 2483 1292 2517 ut
1325 2478 1472 2517 verba
1506 2476 1720 2516 codicum
1754 2474 1792 2514 Φ
1825 2474 1943 2514 codi-

245 2551 375 2591 cibus
423 2562 450 2592 a
482 2562 524 2592 w
557 2561 582 2591 1‘
630 2549 833 2589 inculcet
881 2548 1048 2599 invitis,
1089 2548 1185 2597 sed,
1226 2547 1374 2588 sicubi
1412 2545 1738 2598 paraphrasi
1772 2546 1940 2585 Phae-

244 2621 435 2661 driana
467 2620 574 2668 libri
603 2631 631 2661 a
663 2632 705 2661 w
739 2631 762 2661 ι’
795 2619 1076 2667 discordant,
1111 2625 1159 2658 ut
1194 2630 1298 2658 eam
1331 2618 1484 2669 potius
1516 2617 1767 2658 lectionem
1802 2616 1942 2666 eligat

245 2704 363 2743 quae
403 2691 460 2731 sit
501 2691 691 2731 similior
730 2691 956 2730 Phaedro.
1001 2701 1202 2741 namque
1241 2689 1285 2729 in
1318 2689 1407 2728 hoc
1442 2688 1624 2739 quidem
1660 2698 1834 2737 genere
1867 2698 1943 2737 pa-

244 2763 535 2813 raphrasium
583 2761 979 2802 Phaedrianarum
1025 2772 1114 2812 quo
1155 2760 1263 2811 quid
1297 2766 1368 2800 est
1400 2758 1592 2799 similius
1626 2758 1852 2807 Phaedro,
1888 2769 1943 2797 eo

245 2833 507 2873 habendum
558 2840 627 2873 est
676 2832 921 2884 antiquius.
962 2832 1018 2871 de
1060 2843 1149 2883 quo
1182 2831 1362 2870 THIELE
1395 2829 1531 2870 aliter
1563 2828 1786 2879 iudicans
1822 2828 1943 2879 quod

246 2904 289 2943 in
323 2904 554 2955 plerisque
601 2903 963 2955 paraphrasibus
1010 2901 1312 2941 Phaedrianis
1356 2900 1400 2940 id
1438 2900 1676 2940 vinculum
1717 2905 1805 2949 quo
1838 2909 1943 2938 cum
