2152 3229
599 149 688 190 Cap.
715 149 778 179 III.
832 149 886 179 De
915 156 1087 178 sermone
1114 146 1377 177 diasceuastae
1405 153 1433 185 φ
1723 139 1865 166 LXXIX

168 254 278 290 intra
311 252 533 292 Ramesse.
566 252 612 287 44
645 249 805 286 dictum
839 255 901 285 est
927 248 1051 284 nobis
1079 247 1178 294 quia
1205 247 1247 282 in
1274 246 1411 282 isdem
1441 244 1587 281 diebus
1616 254 1700 290 qua
1728 272 1762 279 ..
1790 242 1863 278 filii

168 324 302 361 Israel
341 329 491 360 contra
528 323 622 358 illas
661 321 854 357 civitates
889 321 1200 366 pugnaverant
1236 326 1294 362 t:
1328 323 1598 363 pugnarent),
1638 321 1780 350 castra
1805 313 1865 349 ibi

167 395 249 431 fixa
286 394 552 438 habuissent;
579 393 688 429 Vict.
728 391 810 427 Vit.
850 391 866 426 I
903 391 951 426 38
987 389 1171 426 Faustus
1207 418 1240 425 ..
1275 393 1496 424 attestatus
1533 393 1595 422 est
1623 396 1799 422 caecam
1828 414 1864 421 ..

166 466 392 502 mulierem
430 464 727 501 inluminatam
766 462 896 498 fuisse
923 461 994 498 ubi
1026 461 1118 506 ipse
1151 459 1299 495 aderat
1330 467 1536 504 praesens
1563 474 1606 485 z
1636 486 1665 492 ..
1694 456 1864 492 adesset

166 547 240 583 pr.,
279 536 295 572 I
333 535 380 572 27
419 536 538 572 cuius
582 534 739 570 exitum
783 533 840 568 ita
882 531 1019 568 urbici
1057 531 1313 577 planxerunt
1352 535 1397 564 ut
1434 534 1534 564 tunc
1578 537 1623 563 se
1665 531 1865 572 putarent

168 607 308 654 magis
345 606 457 643 tradi
495 605 694 642 manibus
732 604 1021 639 barbarorum
1065 600 1236 647 quando
1275 600 1344 635 ille
1380 598 1563 644 perrarit
1604 597 1657 633 ad
1696 598 1863 632 caelum

166 694 210 708 -τ-
251 706 285 714 ..
324 676 584 724 perrexisset
623 675 676 711 ad
716 675 900 717 caelum;
941 672 1072 718 Greg.
1111 671 1210 707 Tur.
1244 670 1302 706 9¹2.
1336 670 1357 705 7
1389 680 1450 716 sq.
1484 668 1690 705 sacerdos
1724 667 1865 713 coepit

167 750 203 785 ei
236 749 454 784 insinuare
486 752 530 782 ut
563 775 597 782 ..
630 745 745 781 idola
778 743 1030 790 neglegerit,
1065 753 1174 789 quae
1207 752 1346 787 neque
1373 740 1453 777 sibi
1480 750 1620 786 neque
1648 738 1740 774 aliis
1767 748 1865 785 pro-

167 819 291 856 desse
320 819 503 864 possunt
533 833 577 846 z
613 844 646 851 ..
681 826 821 862 posse.

283 885 625 926 indicativus
647 896 742 936 per
760 882 1053 935 parataxin
1072 879 1437 921 antecedenti
1460 880 1629 919 verbo
1649 877 1865 917 dicendi

166 963 256 997 aut
288 955 563 997 sentiendi
593 955 776 996 additus
799 953 955 994 taliter
978 953 1177 1004 qualiter
1205 963 1298 991 non
1321 951 1378 990 ab
1404 949 1754 1001 antiquioribus,
1780 947 1864 988 sed

165 1040 249 1068 usu
282 1028 412 1079 quasi
445 1027 638 1067 dilatato
673 1033 717 1066 et
750 1025 981 1065 liberiore.

283 1097 567 1140 antecedit
595 1100 800 1149 putasne
832 1095 882 1135 in
925 1094 1194 1147 parataxi.
1238 1108 1272 1132 a.
1321 1095 1372 1131 13.
1421 1096 1464 1130 15>
1508 1105 1560 1141 p.
1602 1094 1637 1130 S)
1679 1095 1864 1139 putasne

164 1173 300 1210 veniet
335 1173 423 1209 ille?
463 1193 505 1196 —
544 1170 783 1218 Eugippius
823 1169 838 1205 I
877 1171 900 1204 5
936 1172 1118 1215 putasne
1154 1168 1243 1214 ipse
1280 1167 1437 1213 estqui
1465 1166 1702 1212 desperatis
1734 1164 1867 1200 rebus

166 1244 233 1280 dei
271 1243 395 1280 nobis
434 1242 626 1280 subsidia
663 1242 910 1288 pollicetur?
961 1239 1200 1286 Eugippius
1241 1238 1298 1274 IX
1329 1238 1351 1273 ‘2
1382 1240 1564 1283 putasne
1593 1241 1772 1282 possum
1806 1236 1864 1271 in-

166 1315 313 1351 venire
351 1314 568 1351 hominem
610 1313 679 1359 qui
720 1323 788 1348 me
828 1312 881 1348 acl
922 1312 1061 1347 virum
1101 1310 1167 1346 dei
1206 1309 1436 1356 perducat?
1476 1330 1517 1333 —
1559 1308 1641 1343 alia
1669 1315 1708 1343 et
1741 1308 1866 1353 plura

166 1387 362 1432 exempla
394 1387 578 1423 RoNscH
609 1383 833 1420 Semasiol.
869 1382 954 1418 sstr.
987 1382 1023 1418 II
1059 1393 1097 1428 p.
1133 1382 1189 1418 79.

284 1458 567 1499 antecedit
609 1457 759 1509 z'nqnt't
794 1457 844 1496 in
879 1455 1134 1507 parataxi
1178 1454 1438 1495 orationem
1472 1453 1715 1493 directam.
1757 1454 1865 1490 2140.

164 1534 186 1570 9
227 1542 280 1580 (p.
322 1533 381 1569 28)
422 1532 626 1568 Tremula
665 1530 799 1576 z'nqtn't
849 1541 974 1566 voce:
1024 1535 1154 1565 *recte
1192 1539 1278 1565 non
1321 1528 1408 1564 vidi
1454 1527 1678 1565 te·t1·istis
1723 1526 1813 1571 iui,›>
1843 1537 1866 1561 1·

167 1604 183 1640 Ι
212 1604 265 1640 19.
292 1604 314 1640 6
340 1603 374 1639 Ε
401 1606 452 1650 (ρ.
479 1604 538 1639 60>
566 1602 638 1638 illa
665 1602 818 1647 inquit:
856 1612 893 1637 «o
922 1601 977 1637 mi
1006 1606 1103 1637 nate
1130 1607 1173 1636 tu
1201 1610 1330 1646 saepe
1357 1599 1489 1635 lesisti
1509 1598 1718 1634 numina.»

283 1673 341 1712 ab
386 1672 474 1711 hac
518 1669 731 1722 pai-ataxi
765 1668 1139 1718 discernendum,
1174 1667 1257 1707 sed
1291 1667 1492 1718 quodam
1525 1666 1662 1705 modo
1697 1665 1739 1704 ei
1771 1664 1866 1704 fini-

165 1742 327 1782 timum
370 1748 440 1782 est
482 1741 605 1792 quod
647 1752 789 1791 saepe
826 1739 1234 1779 coniunctivum
1268 1738 1439 1777 verbo
1481 1735 1758 1776 sentiendi
1792 1735 1865 1774 di-

167 1813 397 1854 cendive
432 1812 749 1852 adiunctum
783 1822 878 1861 pro
908 1809 1188 1849 infinitivo
1213 1820 1367 1848 sermo
1392 1807 1561 1848 latinus
1583 1806 1864 1846 novissimus

166 1884 491 1925 substituebat.
527 1897 549 1921 a
580 1886 631 1921 18.
654 1885 696 1921 10
715 1895 774 1931 sq.
795 1895 847 1931 (p.
870 1885 925 1929 14)
945 1885 1012 1920 leo
1031 1883 1256 1928 cogitabat,
1275 1884 1309 1919 si
1328 1882 1556 1922 occideret,
1577 1882 1739 1917 crimen
1759 1883 1867 1916 esset

167 1964 207 1994 et
239 1969 325 1995 non
358 1957 497 2003 gloria
524 1973 569 1986 ζ
598 1984 630 1992 ..
660 1956 823 1992 crimen
851 1966 946 1992 esse
975 1985 1007 1991 ..
1037 1976 1078 1980 —
1107 1954 1336 1991 Salvianus
1364 1953 1414 1990 G.
1448 1953 1497 1989 D.
1528 1952 1585 1988 VI
1615 1955 1633 1996 ξ
1666 1953 1675 1987 l
1710 1963 1747 1998 p.
1767 1952 1823 1987 67.
1843 1951 1866 1987 6

165 2028 385 2076 putaveris
422 2028 491 2064 ille
532 2057 537 2064 .
560 2058 565 2064 .
599 2028 695 2063 talis
727 2027 780 2063 sit
806 2043 850 2055 z
877 2037 914 2073 p.
943 2027 1061 2062 illum
1091 2056 1124 2062 ..
1152 2026 1281 2061 talem
1309 2034 1422 2066 esse:
1451 2023 1582 2070 Greg.
1609 2023 1708 2059 Tur.
1735 2022 1817 2059 ⁴215.
1844 2023 1867 2057 4

166 2099 285 2136 credo
312 2099 529 2135 interitum
557 2098 800 2134 Merovecci
825 2097 1179 2144 pronuntiassent
1202 2113 1246 2126 z
1274 2127 1279 2132 .
1302 2126 1306 2132 .
1328 2106 1402 2132 eos
1437 2095 1749 2142 pronuntiasse,
1784 2092 1866 2129 592.

165 2170 212 2206 27
237 2170 356 2206 credo
385 2170 518 2206 virtus
546 2169 855 2216 aliquasm'sset
874 2169 1070 2215 angelica
1090 2185 1133 2197 ε
1153 2167 1284 2203 credo
1304 2167 1506 2203 virtutem
1527 2166 1715 2212 aliquam
1734 2164 1866 2200 fuisse

169 2241 422 2287 angelicam.
481 2237 553 2277 cui
587 2237 886 2277 coniunctivo
922 2243 1152 2287 cognatus
1185 2242 1256 2275 est
1291 2234 1617 2275 coniunctivus
1641 2232 1866 2272 orationis

168 2308 383 2360 obliquae
416 2308 461 2348 in
494 2309 650 2349 locum
682 2298 893 2348 infinitivi
926 2307 1219 2357 substitutus3
1254 2316 1299 2345 ut
1332 2309 1439 2344 Viet.
1476 2307 1557 2343 Yit.
1595 2307 1609 2342 I
1646 2308 1687 2342 14
1715 2306 1867 2353 quodsi

169 2383 284 2419 exire
328 2382 548 2418 tardarent
586 2381 700 2418 servi
739 2382 934 2428 perpetui
973 2383 1241 2417 remanerent
1278 2396 1321 2409 z
1363 2407 1404 2416 ..
1446 2389 1596 2415 servos
1637 2384 1871 2424 perpetuos

169 2463 459 2490 remansuros.
1481 2444 1487 2447 ”

286 2533 371 2561 usu
404 2521 657 2560 fluctuante
691 2520 828 2559 modo
861 2519 1140 2559 indicativus
1161 2519 1300 2559 modo
1325 2517 1649 2558 coniunctivus
1670 2515 1870 2556 relativa

170 2598 215 2632 et
238 2591 492 2643 particulas
515 2591 741 2643 quasdam
764 2591 986 2631 relativas
1008 2591 1306 2641 sequebatur.
1336 2604 1359 2628 a
1389 2594 1441 2628 15.
1467 2592 1490 2628 3
1518 2603 1568 2638 sp.
1590 2596 1749 2628 xxxvl)
1778 2600 1867 2626 cor-

168 2676 248 2701 vus
276 2675 373 2701 cum
400 2667 545 2711 raptat
570 2675 744 2700 caseum
777 2669 835 2700 t:
864 2674 961 2700 curn
988 2670 1200 2710 raptasset
1228 2674 1416 2700 caseumr
1445 2669 1486 2698 et
1514 2672 1709 2698 comesse
1738 2660 1868 2701 vellet,

171 2746 195 2772 a
231 2736 288 2772 58.
326 2736 350 2772 8
387 2738 439 2782 (p.
478 2735 538 2775 42)
571 2752 615 2764 z
650 2746 746 2771 cum
787 2745 947 2780 magna
981 2733 1238 2780 promittunt
1274 2743 1410 2779 parva
1451 2733 1666 2778 denegant
1698 2748 1741 2760 z
1770 2741 1868 2766 cum

169 2816 330 2852 magna
367 2807 616 2853 promittant
655 2835 690 2842 ..
729 2827 772 2830 —
811 2805 1030 2851 Peregrin.
1065 2805 1111 2840 32
1138 2815 1235 2841 cum
1263 2804 1303 2840 hi
1332 2814 1482 2840 omnes
1511 2833 1545 2838 ..
1574 2802 1730 2839 excelsi
1756 2804 1868 2843 snnt,

170 2881 313 2913 tamen
350 2906 383 2913 ..
417 2893 462 2906 Ξ
498 2888 596 2913 cum
632 2907 666 2913 ..
704 2877 859 2913 excelsi
895 2876 988 2921 sint,
1024 2882 1167 2912 tamen
1208 2906 1242 2912 ..
