2152 3229
227 143 302 170 le·
948 142 1221 181 Prolegomena

346 247 543 298 primum
576 246 728 296 igitur,
764 245 887 296 quod
921 245 979 284 ad
1015 252 1243 285 metrum
1276 246 1509 297 solutum
1545 245 1725 295 attinet,
1752 246 1927 285 nullum

226 318 361 358 metri
395 316 607 357 solvendi
642 315 885 356 consilium
920 315 1083 366 generi
1117 330 1148 366 φ
1183 317 1258 355 vel
1293 315 1507 355 Phaedro
1541 316 1692 356 soluto
1717 317 1925 365 subesse,

228 400 426 439 cumque
476 394 703 427 mutatum
753 392 854 426 erat
888 385 1060 438 aliquid
1094 386 1331 436 orationis,
1366 393 1531 437 sponte
1566 398 1622 427 ac
1656 387 1927 427 necessario

228 467 439 499 secutam
492 470 596 499 esse
646 458 780 498 metri
830 458 1108 497 solutionem
1168 457 1455 498 videbamus.
1506 457 1678 497 etenim
1718 457 1930 509 quamvis

228 530 319 570 levi
361 530 616 570 mutatione
651 530 904 569 verborum
937 535 1137 569 metrum
1170 529 1357 579 saepius
1391 528 1565 568 corruit
1586 561 1594 569 .
1614 534 1662 568 ut
1695 528 1740 568 in
1773 527 1931 568 fabula

228 602 284 641 de
320 602 513 641 canibus
546 600 774 640 famelicis
808 612 849 640 V.
885 600 911 640 3
935 601 1094 650 (supra
1117 611 1158 650 p.
1183 612 1358 649 xxxva)
1390 599 1566 639 corium
1589 600 1862 651 depressmn
1884 599 1930 638 in

215 672 406 723 fluvio
447 672 667 711 viderunt
696 682 835 710 canes
869 670 907 709 ‹l›
938 670 955 710 I
988 670 1044 709 20
1077 671 1210 710 salvo
1244 678 1394 710 metro
1417 670 1624 710 :corium
1658 671 1931 722 depressum

227 744 273 783 in
303 742 546 793 flumine
590 742 809 782 viderunt
851 749 990 781 canes
1024 754 1050 781 a
1084 741 1109 781 2
1143 743 1294 781 soluto
1329 749 1490 781 metro,
1526 753 1634 781 nam
1667 741 1933 792 discrepan-

230 815 322 854 tiae
357 825 584 863 generum
619 813 657 852 Φ
690 820 736 852 et
769 828 800 863 qv
834 813 923 852 hoc
958 812 1165 852 maxime
1195 813 1506 863 continentur,
1543 812 1665 863 quod
1699 812 1738 851 Φ
1761 812 1932 851 verba

228 885 462 925 Phaedri
485 884 768 935 descripta
790 884 959 923 habet
983 882 1318 933 diligentius,
1345 894 1434 933 quo
1462 883 1638 922 iactum
1663 889 1733 922 est
1756 888 1805 922 ut
1827 893 1931 922 cum

230 957 386 996 verbis
434 955 633 995 Phaedri
680 955 830 1005 ipsum
865 965 1047 1004 quoque
1083 960 1282 993 metrum
1316 953 1514 993 Phaedri
1549 958 1932 1003 conservare-tum

229 1042 257 1078 ᾳ·
311 1035 466 1067 autem
516 1026 662 1065 verba
710 1024 886 1064 veteris
926 1032 1095 1076 poetae
1130 1024 1407 1064 retractavit
1441 1023 1797 1076 quodammodo,
1832 1023 1932 1064 sive

229 1099 508 1138 varietatem
554 1097 841 1147 sequebatur
890 1096 989 1135 sive
1039 1106 1128 1146 quo
1180 1094 1361 1135 facilius
1394 1096 1666 1145 legerentur
1699 1101 1839 1146 atque
1872 1094 1933 1134 in-

229 1170 567 1218 tellegerentur
601 1169 658 1207 ab
692 1167 955 1207 hominibus
988 1178 1123 1206 serae
1160 1166 1292 1215 illius,
1318 1178 1408 1217 qua
1432 1165 1755 1206 diasceuastes
1778 1180 1810 1216 φ
1835 1164 1931 1213 fuit,

230 1240 553 1280 aetatis.hinc
596 1249 769 1289 magna
802 1238 880 1277 illa
914 1237 1046 1277 ruina
1078 1237 1214 1277 metri
1248 1236 1539 1277 Phaedriani.

350 1310 658 1350 truncando
712 1321 826 1348 vero
881 1315 927 1349 et
981 1308 1365 1348 contrahendo
1420 1308 1607 1348 fabulae
1657 1322 1689 1358 φ
1737 1318 1935 1357 magnas

230 1383 420 1422 iniurias
453 1393 622 1433 passae
657 1386 762 1420 sunt
795 1379 911 1420 locis
945 1379 1152 1431 plurimis
1173 1412 1180 1419 .
1201 1391 1317 1430 quas
1351 1380 1544 1419 lacunas
1577 1379 1684 1418 dum
1709 1388 1935 1418 conamur

232 1455 436 1505 explere,
472 1453 579 1504 quia
613 1459 744 1492 certa
779 1451 1003 1502 consequi
1035 1463 1128 1490 non
1161 1450 1284 1500 licet,
1318 1461 1515 1490 necesse
1551 1449 1637 1489 erit
1670 1449 1714 1489 in
1734 1448 1935 1500 quadam

230 1524 560 1575 probabilitate
581 1523 852 1563 consistere.
874 1534 929 1562 ac
948 1521 1098 1572 magis
1123 1521 1264 1561 etiam
1281 1532 1418 1572 quam
1444 1521 1487 1560 in
1506 1521 1765 1571 archetypo
1784 1526 1933 1571 poste-

230 1596 428 1635 rioribus
475 1595 831 1635 recensionibus
879 1594 949 1633 vis
996 1593 1073 1632 illa
1106 1600 1323 1643 grassata
1358 1599 1442 1632 est.
1477 1591 1678 1631 maxime
1713 1603 1827 1631 vero
1861 1591 1935 1630 de-

231 1675 476 1707 truncatae
511 1673 616 1706 sunt
640 1665 826 1706 fabulae
846 1657 906 1704 'in
938 1677 977 1713 a,
1009 1664 1160 1703 minus
1193 1664 1237 1703 in
1271 1675 1305 1712 r,
1339 1664 1384 1703 in
1414 1662 1566 1703 medio
1590 1662 1792 1714 quodam
1814 1662 1936 1702 inter

233 1750 259 1778 a
294 1747 338 1778 et
373 1750 394 1777 1·
427 1738 576 1789 gradu
609 1737 727 1777 liber
760 1749 802 1776 w
838 1736 1015 1787 positus
1050 1742 1133 1774 est.
1163 1746 1307 1786 quare
1334 1728 1363 1774 'r
1393 1740 1438 1774 et
1461 1747 1505 1773 w
1529 1733 1795 1773 deficientia
1817 1732 1934 1773 libro

234 1822 259 1849 a
294 1821 436 1860 saepe
472 1808 784 1860 suppeditant.

351 1888 397 1919 at
446 1878 720 1930 ceteroquin
769 1893 799 1929 qv
849 1879 993 1918 multo
1043 1877 1193 1917 minus
1233 1888 1371 1928 quam
1414 1888 1444 1914 π
1473 1876 1613 1915 distat
1648 1887 1674 1914 a
1707 1874 1933 1914 Phaedro.

233 1963 339 1990 nam
388 1950 715 1990 diasceuastae
764 1949 952 1999 generis
999 1962 1031 1987 π
1076 1947 1169 1999 ‹ijui
1218 1947 1403 1987 fuerunt
1445 1946 1519 1986 ille
1570 1946 1646 1997 qui
1695 1945 1935 1996 Aesopum

233 2022 417 2073 scripsit
451 2021 509 2061 ad
543 2021 712 2060 Rufum
746 2028 791 2060 et
826 2020 1060 2067 Romulus,
1101 2044 1147 2047 —
1176 2019 1300 2058 illum
1324 2019 1357 2058 R
1380 2017 1651 2063 maiuscula,
1670 2017 1793 2056 hunc
1819 2016 1935 2057 rmi-

233 2094 430 2133 nuscula
462 2093 618 2132 littera
652 2092 837 2140 denoto,
877 2114 923 2118 —
952 2102 1147 2142 quorum
1182 2090 1257 2129 ille
1293 2088 1572 2129 collectione
1607 2102 1653 2139 φ,
1677 2087 1752 2127 hic
1776 2101 1807 2138 φ
1834 2086 1936 2126 etR

235 2172 278 2204 et
335 2164 500 2204 eodem
555 2175 644 2214 quo
699 2162 953 2202 Dositheus
1005 2161 1195 2211 Aesopo
1253 2172 1363 2199 usus
1408 2166 1477 2199 est
1510 2156 1553 2209 ¹),
1598 2159 1705 2198 dum
1759 2157 1937 2197 alienas

235 2235 395 2286 copias
438 2246 522 2285 pro
571 2234 664 2273 suis
712 2233 968 2283 venditant,
1018 2243 1124 2272 nam
1168 2231 1205 2271 R
1238 2230 1435 2270 Phaedri
1470 2230 1664 2279 fabulas,
1699 2241 1721 2268 r
1753 2228 1937 2269 fabulas

234 2306 272 2345 R
320 2306 418 2345 vult
467 2305 629 2345 haberi
677 2316 798 2355 suas,
840 2304 1022 2344 fabulas
1065 2303 1249 2355 penitus
1292 2301 1591 2341 refinxerunt.
1627 2311 1717 2352 quo
1760 2299 1937 2339 iactum

235 2384 317 2424 est,
365 2376 401 2416 si
436 2376 543 2429 quid
577 2376 632 2415 de
679 2391 710 2427 (γ
758 2376 802 2415 111
835 2389 868 2414 π
896 2375 1173 2415 translatum
1214 2380 1327 2422 erat,
1362 2379 1410 2412 ut
1443 2372 1487 2412 id
1524 2378 1658 2411 vasta
1690 2372 1810 2410 mole
1846 2382 1936 2410 ser-

237 2447 388 2487 monis
437 2447 765 2487 diasceuastae
815 2447 1092 2485 obrueretur
1145 2456 1233 2484 nec
1283 2455 1426 2494 saepe
1461 2457 1492 2494 q*
1526 2442 1571 2482 in
1601 2454 1634 2480 π
1662 2454 1754 2482 non
1787 2441 1937 2492 magis

235 2524 576 2558 retractaretur
619 2529 757 2568 quam
790 2523 838 2556 ut
872 2527 1038 2556 versus
1072 2514 1349 2554 Phaedriani
1382 2514 1488 2554 inde
1522 2520 1714 2564 possent
1746 2523 1936 2563 recupe-

235 2589 339 2628 rari.
390 2595 436 2628 at
486 2588 872 2628 diasceuastes
916 2601 947 2638 φ
990 2587 1161 2626 verba
1202 2584 1435 2625 Phaedri
1481 2583 1713 2624 mutavit
1746 2595 1849 2623 non
1883 2589 1936 2622 ut

356 2743 363 2761 ¹
395 2745 424 2776 R
459 2751 493 2776 et
524 2755 539 2776 r
566 2745 647 2785 plus
676 2754 762 2775 usos
792 2753 875 2774 esse
912 2752 1053 2783 genere
1074 2751 1101 2783 (p
1135 2751 1244 2782 quam
1275 2750 1416 2780 genere
1447 2738 1488 2779 Φ,
1521 2748 1744 2779 quamquam
1776 2738 1937 2769 fortasse

236 2805 347 2835 etiam
377 2814 517 2844 genere
547 2801 586 2838 Φ,
616 2804 754 2835 Comm.
782 2803 797 2833 I
825 2801 1076 2834 demonstravi
1112 2800 1188 2835 (ubi
1214 2805 1339 2830 tamen
1365 2798 1410 2829 ad
1435 2806 1463 2838 φ
1492 2797 1784 2837 significandum
1813 2798 1938 2828 littera

236 2863 442 2894 maiuscula
475 2861 505 2893 ΙΙ
531 2873 620 2894 usus
648 2864 752 2894 sum).
