2152 3229
273 130 445 158 LXXXIV
990 131 1264 169 Prolegomena

272 249 402 284 (Jmmz
442 222 700 273 servivimus
739 237 901 273 nemini
936 247 1152 283 umquam.
1207 258 1253 262 —
1306 234 1389 273 sed
1437 233 1680 274 versiones
1720 234 1974 274 Bibliorum

273 307 315 346 in
366 305 590 356 peculiari
638 317 781 345 causa
828 311 980 354 erant;
1030 305 1072 344 in
1123 305 1288 356 quibus
1334 304 1527 355 vigebat
1559 305 1760 345 studium
1798 316 1974 356 graeca

273 377 422 416 verba
455 400 510 403 ——
544 388 693 427 paene
729 375 819 414 dixi
854 388 1056 425 graecas
1089 375 1270 416 litteras
1305 399 1357 403 ——
1392 375 1681 426 exprimendi
1715 387 1852 427 quam
1882 376 1975 416 dili-

272 447 546 497 gentissime
573 480 579 486 .
605 446 688 486 sed
735 452 895 486 tamen
943 447 1063 486 haec
1112 446 1424 486 redundantia
1456 446 1757 497 negationum
1786 446 1975 497 antiqui-

274 525 347 557 tus
394 518 580 557 radices
629 517 723 567 egit
772 517 815 556 in
859 517 1001 557 latino
1045 519 1158 557 solo.
1207 517 1327 568 quod
1367 517 1708 557 demonstravit
1741 516 1974 567 Scmumz,

275 586 393 628 Stil}
428 600 468 639 p.
504 589 587 628 037
622 601 688 639 sq.
720 612 769 615 —
808 588 864 627 de
901 588 1133 639 Gregorio
1167 588 1426 628 Turonensi
1459 588 1649 628 KRuscH
1681 588 1727 628 in
1758 587 1909 628 indice
1932 599 1974 638 p.

272 660 359 699 954
395 671 420 698 a
468 660 587 699 haec
642 659 781 699 affert
838 660 1074 709 exempla:
1129 662 1261 709 Greg.
1300 662 1398 698 Tur.
1437 662 1518 698 250.
1556 664 1580 698 5
1616 662 1762 698 nullus
1793 662 1976 699 iustitiae

278 734 439 769 fructus
479 733 723 769 nullalenus
763 733 927 775 crescit,
966 733 1046 768 304.
1085 732 1131 768 20
1169 734 1350 768 multum
1395 735 1578 776 neg-ante
1617 733 1827 769 Iniurioso
1862 732 1977 780 quod

274 805 316 840 in
356 805 435 840 hac
477 815 607 840 causa
646 815 730 840 non
772 804 895 840 fuerit
931 805 1188 850 inquinatus,
1226 804 1306 840 622.
1339 805 1362 839 Γ)
1396 811 1439 840 ut
1466 814 1538 840 nec
1564 804 1703 840 victus
1730 804 1977 841 necessaria

275 875 384 914 nulls
420 876 629 922 praebere
671 876 828 911 liceret.

395 1015 681 1065 Quibuscum
727 1026 995 1054 sermonem
1035 1013 1363 1054 diasceuastae
1406 1027 1438 1066 (p
1477 1014 1566 1053 hoc
1601 1013 1755 1064 capite
1791 1014 1978 1065 contuli,

274 1086 397 1137 quod
444 1097 606 1125 eorum
652 1097 806 1125 sermo
841 1085 1040 1125 eandem
1074 1084 1173 1124 iere
1194 1082 1348 1136 'quam
1380 1084 1515 1124 huius
1549 1084 1876 1124 diasceuastae
1909 1096 1979 1124 re-

276 1158 402 1196 dolet
436 1164 656 1205 aetatem‚
693 1168 809 1207 quos
858 1168 898 1207 p.
934 1169 1010 1195 Lvi
1042 1156 1397 1203 nominavimus,
1435 1167 1596 1196 eorum
1631 1167 1736 1195 cum
1769 1155 1979 1206 plerique

273 1235 372 1268 tum
428 1228 686 1277 Gregorius
718 1227 1004 1267 Turonensis
1038 1233 1083 1267 et
1116 1226 1340 1267 Iordanes
1378 1227 1563 1267 fuerunt
1601 1227 1792 1266 saeculo
1830 1232 1979 1273 sexto,

275 1298 443 1338 Victor
490 1298 700 1338 X'itensis
751 1298 909 1348 quinto
957 1304 1174 1345 exeunte,
1216 1297 1373 1349 quinto
1407 1297 1562 1337 medio
1597 1297 1857 1348 Salvianus,
1902 1297 2000 1345 Pe<
2063 1338 2070 1342 ,

276 1369 533 1419 regi-matio
583 1369 781 1419 denique
828 1368 919 1418 illa,
970 1380 1090 1419 quae
1125 1369 1182 1408 ab
1227 1368 1480 1408 editoribus
1512 1368 1737 1419 inscripta
1762 1362 1842 1408 vest
1879 1367 1984 1408 »Sil-

277 1441 426 1486 viae»,
477 1440 584 1480 mihi
634 1439 818 1491 quidem
870 1451 975 1479 cum
1008 1439 1248 1479 MEisTERo
1280 1440 1466 1479 videtur
1503 1451 1595 1479 non
1633 1445 1741 1479 ante
1780 1439 1983 1479 medium

278 1513 518 1550 saeculum
568 1511 776 1561 quintum
825 1522 930 1550 esse
981 1511 1335 1562 scripta.quae
1384 1522 1489 1550 cum
1534 1511 1598 1550 ita
1637 1510 1740 1560 sint,
1775 1510 1983 1561 sequitur

279 1582 542 1621 Phaedrum
587 1582 709 1621 hunc
756 1583 972 1631 solutum,
1020 1593 1157 1633 quem
1192 1594 1225 1633 φ
1256 1582 1414 1621 littera
1452 1588 1682 1631 notamus,
1722 1579 1875 1621 videri
1908 1593 1983 1621 ex·

278 1653 426 1693 titisse
462 1660 540 1692 aut
574 1652 733 1703 quinto
768 1659 970 1692 exeunte
1006 1660 1082 1693 aut
1117 1654 1308 1692 saeculo
1342 1659 1490 1692 sexto.

398 1731 502 1764 sunt
538 1724 677 1763 etiam
711 1724 880 1764 indicia
913 1736 1083 1771 rerum,
1118 1724 1202 1764 sed
1234 1735 1325 1763 non
1360 1724 1473 1763 satis
1506 1723 1676 1763 idonea
1710 1723 1769 1763 ad
1798 1729 1983 1774 tempus

281 1795 608 1835 deliniendum.

400 1866 718 1916 comparando
766 1865 906 1916 igitur
952 1865 1178 1915 videmus,
1228 1872 1276 1905 ut
1314 1865 1359 1904 in
1394 1875 1556 1905 cetera
1588 1876 1727 1916 prosa
1761 1864 1904 1915 quinti
1940 1871 1986 1904 et

281 1936 400 1976 sexti
434 1936 624 1983 saeculi,
659 1936 723 1975 ita
740 1935 784 1975 in
808 1947 1023 1976 sermone
1049 1935 1374 1976 diasceuastae
1399 1950 1431 1986 qv
1456 1936 1608 1976 inesse
1633 1935 1859 1986 quasdam
1882 1946 1984 1986 pro-

282 2008 505 2058 prietates
540 2007 683 2058 quinti
718 2014 764 2046 et
788 2006 909 2047 sexti
932 2007 1123 2056 saeculi,
1148 2007 1270 2058 quod
1295 2013 1366 2046 est
1390 2013 1760 2046 consentaneum
1783 2003 1808 2046 1.
1863 2005 1986 2057 quod

283 2078 660 2118 animadvertere
695 2084 834 2129 atque
870 2078 1126 2117 observare
1168 2078 1328 2129 quanti
1363 2077 1542 2117 intersit
1576 2078 1632 2116 ad
1673 2077 1837 2116 harum
1861 2076 1986 2116 fabu-

281 2152 431 2189 larum
465 2150 792 2189 recensionem
826 2160 963 2188 nemo
998 2161 1091 2193 non
1124 2148 1366 2199 intellegit.

402 2268 411 2286 ¹
441 2270 599 2309 Quidam
627 2280 716 2300 vero
744 2271 829 2300 dum
858 2278 1069 2308 agnoscere
1097 2269 1266 2300 nesciunt
1293 2278 1440 2299 cursum
1468 2268 1677 2299 naturalem
1707 2269 1814 2298 vivae
1834 2268 1986 2307 linguae

282 2339 348 2370 per
388 2330 528 2369 gradus
562 2334 671 2369 atque
706 2334 854 2360 aetates
882 2329 975 2359 alias
1004 2334 1113 2367 atque
1142 2329 1235 2359 alias
1263 2328 1402 2359 formas
1430 2327 1624 2363 induenti&
1653 2328 1697 2358 de
1725 2327 1909 2358 sermonis
1935 2326 1986 2357 la-

282 2389 346 2418 tini
375 2394 500 2419 aetate
528 2394 719 2429 postrema
744 2388 880 2418 iniuste
908 2387 1072 2418 iudicant
1100 2387 1206 2427 quasi
1234 2392 1408 2427 corrupta
1436 2393 1471 2417 et
1497 2387 1713 2427 depravata.
1741 2391 1778 2417 ut
1810 2386 1986 2416 TEUFFEL-

284 2448 409 2478 KRoLL
446 2447 498 2478 ΙΙΙ
539 2446 555 2484 ξ
584 2447 649 2478 470
679 2446 723 2477 de
752 2446 906 2477 Victore
934 2446 1081 2477 Vitensi
1109 2447 1161 2477 sic
1190 2446 1346 2477 iudicat:
1381 2446 1456 2476 »die
1487 2446 1732 2485 Darstellung
1758 2445 1803 2476 ist
1822 2445 1986 2475 blumen-

285 2507 400 2545 reich,
428 2508 519 2537 aber
545 2506 757 2546 sprachlich
787 2505 1080 2543 fehlerhaft›;
1110 2491 1215 2545 quasi
1241 2515 1330 2536 vero
1358 2505 1441 2536 ideo
1470 2505 1674 2545 culpandus
1702 2504 1749 2535 sit
1775 2504 1907 2534 Victor
1925 2502 1986 2533 ille

285 2565 382 2604 quod
428 2565 540 2596 utitur
581 2574 752 2596 sermone
805 2564 938 2594 aetatis
984 2573 1092 2594 suae:
1134 2565 1193 2604 qui
1233 2565 1354 2605 potius
1394 2574 1438 2595 eo
1483 2564 1630 2595 nomine
1669 2563 1875 2594 laudandus
1915 2566 1981 2594 est,

285 2624 508 2664 praesertim
537 2624 595 2664 qui
623 2624 668 2654 sit
697 2624 857 2664 scriptor
885 2622 1012 2664 gravis
1041 2629 1151 2663 atque
1180 2623 1371 2654 iucundus.
