2152 3229
195 288 280 318 5..

197 576 216 605 f)

180 1141 220 1171 10

243 171 369 198 XXXII

315 288 387 317 tua
436 286 498 316 est
536 309 570 315 ..
607 285 647 315 et
695 289 772 314 cur
823 278 885 314 sic
924 276 1059 325 pedes

363 351 609 398 cessarunt?

243 426 322 461 hoc
355 434 459 459 vere
492 429 533 458 te
567 422 666 458 iecit
700 419 897 467 insidiari
932 425 972 455 et
994 429 1060 455 su-

362 494 527 530 stineri.

245 565 423 602 Talibus
444 564 547 600 dum
566 563 766 610 loquitur.
792 562 933 609 ipsum
953 561 1062 597 acci-

362 636 475 683 piter
507 634 767 683 necopinum
802 633 956 680 rapuit.

246 713 486 756 questuque
524 716 637 742 vano
677 704 970 741 clamitantem
1003 704 1062 739 in-

958 168 1234 207 Prolegomcna

1128 282 1227 313 nota
1280 277 1416 323 inquit
1469 277 1541 312 illa
1594 282 1683 312 est·
1735 276 1836 323 quid
1885 277 1942 313 ita

1248 353 1473 383 cessarunt
1504 346 1662 394 pedes?

1132 560 1234 597 dum
1258 561 1447 607 loquitur
1470 560 1612 607 ipsum
1636 560 1845 607 accipiter
1867 571 1946 596 nec

1249 632 1426 678 opinum
1460 632 1571 678 rapit

1133 708 1372 749 questuque
1411 713 1523 738 vano
1563 702 1855 738 clamitantem
1889 702 1948 738 in-

364 778 532 815 terfecit
554 784 559 789 '
1251 773 1424 815 terlicit;

247 850 297 886 Et
331 850 502 896 aquila·
542 878 668 884 .....
705 847 915 884 solatium
1133 846 1254 892 lepus
1299 845 1583 880 semianimus
1627 844 1777 880 mortis
1811 844 1853 880 in
1886 854 1949 880 so-

1252 916 1354 952 latio

248 992 362 1040 quod
394 997 438 1028 tu
472 1000 652 1027 securus
681 994 827 1025 nostra
852 987 1065 1024 irridebas
1134 987 1205 1035 qui
1229 986 1357 1023 modo
1375 996 1555 1022 securus
1573 992 1719 1022 nostra
1738 985 1952 1022 irridebas

368 1063 482 1099 mala
502 1068 507 1074 ·
1254 1058 1367 1094 mala

249 1134 380 1172 simili
449 1133 626 1180 querela
690 1131 802 1167 iacta
865 1130 1066 1177 deploras
1135 1129 1266 1166 simili
1341 1129 1520 1175 querela
1594 1128 1679 1164 lata
1753 1127 1954 1174 deploras

368 1210 440 1241 tua
462 1210 467 1216 ·
1252 1206 1326 1236 tua
1345 1206 1351 1212 ·

369 1341 688 1392 Promythium
723 1347 793 1379 est
826 1339 871 1379 in
905 1349 945 1389 a,
980 1345 1029 1378 ut
1063 1339 1195 1387 solet,
1231 1337 1545 1389 epimythium.
1583 1360 1633 1363 —
1670 1337 1817 1375 verba
1848 1335 1893 1374 in
1927 1346 1955 1376 a

252 1414 498 1454 decurtata
543 1418 666 1452 sunt:
718 1410 917 1450 omissus
965 1416 1034 1450 est
1081 1421 1123 1449 v,
1159 1409 1198 1455 2.
1234 1408 1435 1448 omissae
1468 1414 1628 1459 partes
1660 1417 1882 1446 versuum
1914 1407 1953 1456 3,

252 1488 291 1535 Ξ),
326 1485 365 1524 S.
405 1507 452 1512 -
490 1483 581 1523 iam
616 1482 940 1522 diasceuastes
973 1495 1005 1531 φ
1037 1481 1185 1520 verba
1217 1479 1428 1528 Phaedri,
1463 1478 1500 1518 si
1532 1490 1625 1529 qua
1657 1489 1750 1517 non
1782 1477 1956 1517 intelle-

253 1557 409 1607 gebat,
459 1554 657 1594 mutavit
706 1553 991 1603 detorquens
1024 1551 1070 1591 in
1103 1551 1241 1590 aliam
1274 1549 1568 1590 sententiam.
1603 1560 1766 1588 verum
1800 1554 1957 1588 tamen

255 1637 447 1679 operam
497 1624 621 1664 dedit
669 1636 726 1663 ne
776 1629 977 1663 mutaret
1025 1622 1161 1661 nimis
1203 1622 1383 1661 litteras
1416 1619 1622 1660 traditas.
1659 1631 1749 1671 quo
1782 1619 1958 1659 iactum

256 1705 325 1738 est
359 1703 407 1737 ut
440 1702 687 1736 manerent
719 1694 764 1734 in
798 1705 826 1735 a
857 1694 957 1734 veri
990 1692 1203 1744 vestigia.
1239 1704 1358 1744 quae
1383 1692 1683 1742 colligentem
1707 1691 1957 1731 emendare

256 1768 481 1820 quasdam
516 1766 690 1806 codicis
722 1767 752 1806 P
786 1765 1078 1816 corruptelas
1110 1763 1232 1803 licet.
1266 1764 1422 1814 itaque
1453 1768 1730 1813 oppressam
1755 1761 1959 1812 aquilam

258 1844 299 1880 et
331 1841 476 1891 fletus
525 1839 709 1877 dantem
743 1842 1099 1887 a10ppressmn
1149 1836 1206 1874 ab
1254 1834 1409 1885 aquila
1444 1834 1759 1885 fletussedens
1805 1833 1856 1881 P;
1902 1845 1961 1872 ex

260 1910 424 1962 quibus
473 1908 716 1949 conficitur
764 1907 903 1947 lectio
953 1906 1262 1946 emendatior:
1318 1907 1608 1956 Oppressmn
1642 1906 1696 1943 ab
1732 1904 1888 1955 aquila
1922 1908 1964 1943 et

245 1983 391 2033 fletus
424 1981 638 2020 edentem.
675 1985 720 2018 et
754 1991 795 2018 V.
825 1979 850 2018 S
884 1978 930 2017 in
954 1977 1122 2017 solatso
1146 1977 1180 2016 P
1201 1989 1208 2016 ε
1231 1976 1460 2016 Solatmm
1484 1988 1530 2026 a,
1555 1975 1721 2027 quibus
1745 1975 1960 2014 coniunc-

259 2053 317 2092 tis
351 2051 705 2091 commendatur
739 2049 1012 2089 coniectura
1045 2048 1306 2089 Sanadonis
1339 2060 1392 2087 en
1425 2034 1664 2087 solhcl'mn.
1699 2070 1753 2074 ——
1788 2053 1835 2086 at
1872 2046 1961 2085 hoc

262 2124 460 2174 quidem,
511 2121 633 2173 quod
683 2127 751 2161 est
793 2120 950 2171 magni
983 2119 1218 2168 momenti,
1254 2118 1373 2159 inter
1405 2119 1434 2159 P
1468 2118 1529 2168 (id
1563 2124 1633 2157 est
1667 2117 1721 2167 ‘P’
1757 2124 1801 2157 et
1836 2127 1863 2158 a
1902 2116 1963 2167 (id

262 2201 332 2234 est
365 2196 414 2245 sp)
449 2194 657 2239 interest,
700 2191 823 2243 quod
855 2192 884 2232 P
916 2192 1064 2230 verba
1096 2189 1296 2230 Phaedri
1329 2188 1595 2240 diligentius
1626 2187 1840 2237 reddidit,
1875 2199 1965 2239 quo

262 2266 438 2305 factum
472 2271 542 2304 est
575 2270 623 2303 ut
656 2263 797 2312 etiam
832 2261 1002 2302 senarii
1024 2267 1433 2309 conservarentur,
1459 2259 1784 2299 diasceuastae
1810 2265 1965 2298 autem

263 2351 295 2387 φ
343 2335 555 2385 religioni
604 2347 695 2374 non
744 2333 826 2373 fuit
876 2332 1121 2384 quominus
1160 2332 1308 2371 verba
1340 2343 1482 2382 saepe
1516 2336 1732 2380 mutaret,
1767 2329 1875 2369 dum
1907 2341 1964 2368 ne

264 2406 399 2446 nimis
447 2418 473 2445 a
521 2405 686 2446 litteris
725 2405 991 2444 discederet
1029 2402 1224 2449 traditis,
1259 2409 1307 2442 ut
1340 2404 1364 2441 6
1399 2402 1527 2452 rapit
1556 2401 1792 2452 P:rapue·t
1823 2412 1862 2440 a.
1903 2400 1966 2440 ita

266 2477 441 2517 factum
481 2482 550 2516 est
588 2482 637 2515 ut
676 2476 767 2515 levi
808 2474 1063 2514 mutatione
1098 2473 1420 2513 diasceuastes
1454 2483 1482 2513 a
1514 2479 1714 2512 metrum
1747 2472 1964 2511 solveret.

271 2572 317 2576 -—
360 2560 402 2587 v.
444 2549 470 2586 ὃ
505 2558 533 2588 a
564 2547 706 2586 habet
740 2545 907 2585 aetatis
942 2544 1212 2595 posterioris
1246 2555 1463 2584 sermone
1500 2543 1707 2583 additum
1741 2543 1826 2582 lzoc
1859 2554 1968 2581 vere

268 2623 307 2658 te
351 2618 456 2668 fecit
503 2617 725 2657 insidiari
768 2621 809 2656 et
857 2616 1093 2656 sustineri.
1141 2615 1217 2655 ubi
1250 2614 1471 2654 insidiari
1498 2597 1862 2663 intellegendum
1898 2620 1968 2653 est

269 2688 458 2741 passiva
522 2688 876 2739 significatione,
945 2686 1176 2726 sustineri
1233 2692 1302 2726 est
1360 2685 1483 2725 idem
1545 2684 1665 2735 quod
1725 2683 1966 2728 sustinere.

269 2772 376 2800 nam
430 2760 449 2799 z·
493 2766 538 2799 et
584 2773 606 2799 e
652 2759 918 2811 promiscua
966 2769 1108 2809 saepe
1159 2764 1291 2797 erant
1340 2755 1485 2807 quinti
1532 2754 1743 2805 Sextique
1795 2754 1970 2794 saeculi

271 2831 538 2882 scriptione.
