2152 3229
834 171 923 211 Cap.
950 170 995 202 II.
1048 170 1103 202 De
1131 179 1271 210 genere
1299 179 1326 211 φ
1845 167 1936 193 XLV

231 280 361 326 vigor
409 284 472 316 est
504 293 549 307 =
581 289 606 315 o
645 279 717 326 qui
756 284 929 316 tuarum
963 289 1093 316 corve
1125 288 1366 326 pennarum
1402 282 1466 314 est
1498 277 1623 322 nitor,
1658 278 1682 314 8
1716 277 1752 313 si
1785 287 1938 313 vocem

232 350 418 387 haberes
460 350 671 386 latiorem.
712 350 829 386 nulla
871 350 1018 386 avium
1057 350 1177 396 prior
1219 348 1392 385 adesset
1423 348 1501 384 tibi
1534 362 1578 375 Ξ
1611 348 1647 384 51
1679 358 1833 384 vocem
1867 347 1936 383 ha-

232 421 361 457 beres
391 421 508 457 nulla
534 409 655 467 prior
678 421 767 457 ales
790 421 912 466 foret,
945 420 990 456 11
1020 420 1169 456 dolosa
1191 419 1333 466 vulpis
1356 418 1483 455 avide
1507 418 1708 455 dentibus
1730 419 1873 465 rapuit
1894 433 1938 446 z

234 491 385 529 dolosa
418 492 571 538 vulpes
605 491 744 527 avidis
768 491 910 538 rapuit
934 490 1155 530 dentibus:
1181 501 1206 526 a
1227 488 1262 525 ⁴2.
1291 491 1313 525 4
1337 501 1377 536 p.
1402 497 1560 524 XXXVII
1584 500 1713 536 quem
1735 495 1780 525 ut
1803 494 1937 525 extra-

233 563 338 599 here
372 563 557 598 celerius
589 562 830 609 potuissent
858 576 903 589 =
932 561 975 597 id
998 567 1043 597 ut
1067 570 1263 597 comesse
1287 565 1527 596 extractum
1551 566 1726 606 possent
1748 560 1937 599 facilius:

235 645 260 670 a
293 633 360 670 31.
401 633 416 669 1
454 644 493 680 p.
531 639 705 667 XXXVIII
729 632 801 679 qui
826 632 1007 668 consilia
1030 631 1214 667 adversa
1237 631 1505 677 sapientibus
1528 630 1874 667 sumministrant
1896 645 1939 657 z

237 704 419 741 consilia
453 703 525 751 qui
559 702 663 739 dant
695 713 832 749 prava
866 702 1003 738 cautis
1036 702 1298 747 hominibus,
1334 701 1391 737 ib.
1425 699 1448 735 ‘2
1482 706 1522 737 et
1555 711 1638 737 non
1663 701 1803 737 solum
1827 701 1938 748 quod

238 779 476 822 operantur
514 773 701 821 perdunt
733 783 886 809 verum
920 773 973 809 ab
1009 773 1071 809 eis
1104 773 1287 819 turpiter
1320 771 1574 808 deridentur
1606 786 1649 799 =
1683 778 1723 807 et
1755 771 1941 818 perdunt

235 856 414 893 operam
447 850 488 881 et
521 843 775 881 deridentur
805 844 1001 890 turpiter,
1038 844 1060 879 4
1095 854 1149 880 ne
1172 844 1397 890 rapiantur
1419 854 1443 879 a
1467 842 1712 879 crocodillis
1735 857 1779 870 Ξ
1803 853 1827 878 3
1851 853 1940 878 601·-

237 915 429 953 codrillis
462 926 516 952 ne
548 915 774 962 rapiantur
805 916 995 956 [traditum
1024 915 1104 959 6511,
1141 915 1164 950 5
1198 913 1394 961 rapidius
1417 914 1552 960 igitur
1575 923 1756 949 currens
1779 924 1830 949 ex
1853 913 1939 949 nilo

236 997 331 1023 cum
365 986 517 1023 bibere
551 986 765 1033 coepisset
799 986 918 1022 canis
951 1000 995 1013 z
1029 986 1163 1032 igitur
1196 995 1293 1021 cum
1329 995 1510 1021 currens
1542 984 1694 1020 bibere
1729 984 1942 1030 coepisset

237 1058 370 1094 canis.
416 1076 468 1080 —
508 1068 532 1093 a
573 1057 609 1094 4.
650 1054 672 1091 ⁴2
710 1068 749 1104 p.
788 1054 811 1091 ‘2
848 1057 970 1103 petiit
1009 1066 1142 1092 ranae
1182 1056 1403 1092 auxilium.
1442 1056 1514 1091 illa
1553 1055 1782 1102 posteriori
1825 1055 1939 1090 cruri

236 1139 314 1165 suo
347 1143 392 1156 Ξ
425 1128 633 1164 auxilium
666 1128 789 1175 petiit
821 1138 967 1163 ranae.
1004 1137 1115 1174 quae
1149 1127 1265 1162 cruri
1300 1136 1390 1170 5110,
1427 1126 1483 1162 ib.
1521 1126 1544 1161 4
1579 1131 1619 1162 et
1652 1130 1849 1162 natantes
1871 1135 1940 1161 ve-

236 1205 394 1236 nerunt
427 1199 470 1235 in
502 1198 647 1235 medio
681 1209 855 1235 amnem
887 1213 932 1226 z
962 1197 1067 1241 [una]
1091 1198 1299 1234 ’1131311165
1334 1197 1525 1233 medium
1550 1197 1593 1233 in
1617 1207 1790 1233 amnem
1814 1206 1941 1232 vene-

238 1276 347 1313 rant,
382 1270 439 1306 ib.
476 1270 499 1305 5
533 1275 697 1306 mutata
728 1269 813 1306 fide
847 1270 1081 1306 submersit
1114 1279 1161 1305 se
1193 1279 1301 1305 rana
1333 1283 1377 1296 z
1410 1269 1518 1310 [cnm]
1552 1278 1598 1304 se
1622 1268 1856 1304 submersit
1878 1278 1942 1303 ra-

239 1353 294 1378 na
326 1347 488 1378 mutata
520 1340 618 1386 fide,
654 1341 708 1377 ib.
745 1341 767 1376 7
805 1351 888 1388 quo
921 1346 1091 1377 mortuo
1125 1340 1328 1387 surgiens
1363 1350 1461 1375 cum
1494 1339 1775 1375 fluctuaretur
1804 1353 1847 1366 =
1871 1338 1941 1385 qui

238 1413 345 1456 [post]
377 1423 475 1449 cum
509 1422 695 1459 surgens
729 1411 957 1448 fluctuaret
989 1417 1198 1455 mortuus,
1234 1412 1257 1447 8
1294 1411 1516 1457 conspexit
1548 1409 1761 1460 praedam
1784 1410 1943 1445 miluus

239 1484 391 1520 volans
429 1498 474 1511 =
512 1483 721 1530 praedam
760 1483 911 1519 volans
951 1482 1173 1528 conspexit
1212 1482 1348 1523 [illam]
1388 1482 1560 1523 1111111115,
1598 1481 1620 1517 9
1663 1491 1786 1517 1111116
1819 1486 1941 1526 rapto

241 1555 530 1601 comitemque
563 1564 715 1590 ranam
745 1554 920 1589 abstulit
942 1568 986 1581 Ξ
1011 1553 1302 1600 comitemque
1327 1563 1452 1608 mure
1474 1558 1597 1599 rapto
1620 1562 1772 1588 ranam
1796 1552 1944 1595 [ipsaml

241 1626 429 1669 abstulit,
469 1625 513 1661 11
554 1630 730 1672 experto
762 1625 891 1661 simul
925 1625 1040 1660 exitu
1074 1625 1171 1671 ipsu
1205 1630 1461 1671 consumpta
1495 1630 1558 1660 est
1591 1638 1635 1651 z
1659 1628 1835 1669 experta
1861 1623 1944 1658 exi-

242 1697 352 1733 timn
394 1697 450 1737 [et]
490 1697 598 1743 ipsa,
635 1702 889 1742 consumpta
929 1701 992 1731 est
1025 1696 1174 1735 simul:
1211 1707 1235 1731 3
1269 1695 1306 1731 6.
1348 1696 1362 1731 1
1401 1706 1440 1741 p.
1478 1695 1501 1730 4
1535 1695 1676 1741 gallus
1711 1693 1813 1730 dum
1848 1704 1944 1729 cum

240 1768 325 1804 alio
364 1768 479 1814 gallo
518 1767 665 1814 sepius
710 1766 952 1803 intenderet
984 1777 1179 1813 pugnam
1212 1781 1255 1795 z
1289 1767 1431 1813 gallus
1466 1765 1568 1802 dum
1603 1765 1719 1811 gallo
1753 1775 1945 1811 pugnam

242 1838 645 1885 intendit-saepius,
680 1838 736 1874 ib.
770 1835 793 1871 ‘2
825 1838 1007 1885 requirit
1036 1838 1289 1884 accipitrem
1321 1837 1403 1873 sibi
1426 1836 1646 1886 vindicem
1670 1851 1713 1863 z
1732 1836 1857 1877 [ultro]
1882 1845 1946 1871 re-

241 1910 371 1956 quirit
394 1908 611 1946 vindicem
636 1909 888 1955 accipitrem
912 1908 1008 1954 sibi,
1035 1909 1059 1943 ἶ)
1085 1919 1182 1944 611111
1206 1908 1429 1944 venissent
1453 1913 1550 1944 ante
1574 1906 1764 1943 iudicem
1787 1913 1832 1943 ut
1851 1917 1946 1942 cau-

240 1990 335 2017 sam
367 1991 491 2017 suam
524 1984 814 2027 exponerent·
835 1980 1044 2026 accipiter
1079 1994 1123 2007 z
1157 1979 1377 2026 accipiter,
1403 1989 1502 2014 cum
1524 1978 1746 2014 venissent
1770 1988 1946 2014 causam

241 2062 471 2098 exponere,
507 2051 530 2087 6
565 2052 707 2098 ipsum
741 2050 1012 2097 comprendit
1045 2051 1118 2098 qui
1152 2051 1245 2087 eius
1278 2051 1419 2097 primo
1450 2050 1633 2096 petierat
1658 2050 1798 2086 iorum
1821 2063 1866 2076 z
1889 2049 1946 2095 ip-

243 2134 339 2160 sum
374 2121 646 2169 comprendit
680 2122 751 2169 qui
785 2122 926 2158 forum
960 2122 1053 2158 eius
1087 2122 1285 2168 petierat,
1322 2121 1434 2157 7—9
1470 2121 1538 2156 cui
1573 2120 1781 2167 accipiter
1814 2119 1945 2155 dixit.

243 2204 329 2230 non
367 2199 411 2230 tu
447 2193 602 2230 credas
636 2204 687 2229 ex
720 2194 829 2229 meis
861 2193 1084 2239 unguibus
1117 2192 1245 2229 hodie
1278 2192 1457 2228 liberari
1478 2197 1483 2203 ·
1506 2191 1606 2238 quia
1640 2190 1754 2238 quod
1786 2196 1830 2226 tu
1864 2191 1947 2227 alio

245 2264 470 2300 intendere
502 2264 677 2301 voluisti
700 2270 706 2277 ·
728 2274 888 2311 equum
922 2269 985 2300 est
1018 2269 1062 2300 ut
1096 2264 1188 2310 ipse
1222 2263 1438 2299 sustineas
1467 2277 1512 2289 z
1537 2262 1761 2308 accipiter:
1792 2262 1947 2305 »[p0sse]

244 2346 296 2372 ne
327 2335 548 2381 unguibus
583 2335 736 2371 credas
770 2335 879 2371 meis
916 2335 975 2378 [te]
1012 2334 1204 2379 liberari,
1240 2334 1354 2381 quia,
1389 2333 1501 2380 quod
1536 2333 1709 2369 voluisti
1743 2333 1865 2369 alteri
1890 2333 1948 2368 in-

244 2405 437 2449 tendere,
478 2415 666 2452 aequum
700 2411 763 2442 est
796 2406 888 2452 ipse
921 2412 966 2442 ut
999 2405 1214 2441 sustineas
1256 2405 1443 2447 [malan
1483 2401 1529 2440 12
1556 2404 1628 2451 qui
1662 2404 1846 2440 aliorum
1879 2413 1948 2439 ne-

246 2487 341 2513 cem
386 2480 571 2512 tractant
618 2490 662 2503 z
702 2477 809 2516 [haec
835 2479 873 2510 in
902 2477 1037 2517 malos]
1079 2476 1151 2523 qui
1184 2471 1369 2511 tractant
1402 2475 1586 2511 aliorum
1619 2485 1786 2519 necem,
1826 2474 1875 2510 13
1910 2480 1949 2509 et

247 2548 300 2584 de
333 2548 527 2594 ipsorum
563 2546 665 2594 quid
699 2551 854 2593 agatur
887 2547 1092 2593 ignorant
1114 2561 1157 2574 z
1182 2547 1385 2593 ignorant
1412 2545 1514 2588 [vice]
1552 2544 1605 2581 de
1630 2545 1823 2592 ipsorum
1847 2544 1947 2591 quid

247 2624 403 2665 agatur
432 2615 570 2661 [pari];
605 2628 629 2653 a
663 2617 701 2653 8.
738 2618 760 2653 7
794 2627 834 2664 p.
871 2617 894 2652 6
929 2617 1058 2653 simia
1090 2617 1257 2653 invenit
1290 2627 1388 2662 eum
1423 2617 1567 2652 taliter
1599 2616 1871 2663 inquinatum
1904 2629 1947 2642 z

247 2689 292 2726 ia‘
323 2689 385 2725 sic
420 2689 585 2725 invenit
618 2688 891 2735 inquinatum
925 2687 1091 2734 simius,
1126 2687 1182 2723 ib.
1218 2688 1242 2724 8
1274 2693 1314 2723 et
1337 2688 1420 2723 ait·
1443 2687 1515 2734 qui
1538 2687 1696 2723 talibus
1719 2696 1765 2722 se
1790 2686 1948 2721 calcari

246 2759 499 2806 permittunt
531 2773 576 2787 Ξ
614 2759 711 2806 »qui
744 2743 817 2795 tali
852 2769 898 2795 se
933 2758 1101 2794 calcare
1132 2758 1410 2804 permittunt»
1449 2758 1519 2803 ait,
1556 2756 1578 2792 9
1610 2757 1711 2792 talia
1735 2756 1949 2792 sustinere

247 2835 470 2866 merentur
517 2844 561 2857 z
600 2830 708 2866 tales
757 2832 980 2866 merentur
1028 2828 1243 2865 sustinere
1290 2827 1506 2875 [iniurias];
1548 2838 1572 2863 3
1610 2827 1659 2863 13
1699 2827 1714 2863 1
1752 2837 1813 2873 sq.
1849 2837 1887 2873 p.
1923 2827 1947 2863 8

247 2900 433 2947 hospitio
466 2899 684 2948 quondam
719 2910 814 2937 mus
847 2900 1040 2936 urbanus
1075 2904 1279 2946 exceptus
1313 2904 1376 2935 est
1408 2898 1558 2935 rustici
1594 2903 1635 2934 et
1656 2898 1807 2934 humili
1831 2898 1947 2944 glan-
