2152 3229
573 170 662 210 Cap.
690 169 753 200 IV.
806 170 860 200 De
888 171 1030 201 ratione
1058 171 1188 201 harum
1216 171 1458 202 vindiciarum
1697 169 1867 196 LXXXIX

172 283 310 312 anam
330 269 356 312 ¹.
392 271 577 312 difficile
612 279 683 313 est
716 279 873 313 autem
907 273 1154 314 GEORGIL‘M
1184 274 1377 325 THIELE,
1403 273 1480 325 qui
1502 275 1741 326 scripserit
1765 281 1868 325 post

172 343 345 383 editam
392 343 579 383 HAVETI
624 344 983 395 disputationem
1035 357 1276 393 excusare,
1327 346 1449 396 quod
1482 346 1599 385 libro
1634 357 1771 396 quern
1806 345 1868 384 in·

173 413 357 465 scripsit
405 415 502 454 Der
549 415 726 456 Lalez'n.
772 405 901 465 Asos>
950 417 1028 455 des
1074 413 1344 455 Romnlns2
1383 428 1456 467 pp.
1492 429 1791 456 cmx-ccxxi
1824 416 1867 455 in

170 485 460 524 restituendo
509 485 709 524 Phaedri
756 492 905 525 metro
949 486 1134 537 saepius
1173 498 1272 526 rem
1306 487 1450 537 gessit
1483 488 1637 526 male.
1664 487 1746 526 sed
1779 487 1867 526 hoc

170 555 393 608 relinquo,
440 555 718 607 praesertim
753 567 857 596 cum
892 556 1170 596 confiteatur
1202 557 1300 607 ipse
1335 569 1384 596 se
1419 558 1477 596 ad
1511 569 1615 596 eam
1648 569 1746 597 rem
1780 569 1867 597 nec

171 626 285 666 satis
317 626 536 666 idoneum
570 637 673 665 esse
706 637 795 665 nec
829 626 941 665 satis
975 638 1002 665 a
1035 626 1229 666 scientia
1263 627 1538 666 instructum
1561 626 1586 667 3.

289 696 402 736 Illud
431 708 545 736 vero
570 697 707 746 longe
731 696 1058 747 gravissimum
1088 702 1133 736 et
1157 697 1407 747 pessimum
1432 698 1554 748 quod
1576 710 1664 737 nec
1688 698 1867 737 TH1ELE

170 779 258 807 nec
307 767 505 806 BURMAN
553 778 640 806 nec
674 767 908 806 MUELLER
947 779 1035 806 nec
1069 767 1145 815 illi,
1181 768 1256 818 qui
1290 767 1387 807 iere
1423 768 1667 808 BURMANNI
1701 780 1868 820 appen-

170 837 322 877 dicem
376 837 738 888 exscripserunt.
789 845 884 877 tam
933 837 1182 888 diligenter
1230 850 1367 889 quam
1416 851 1500 890 par
1544 839 1627 879 fuit
1676 852 1869 891 operam

170 908 397 947 dederunt
436 914 484 947 ut
518 907 784 959 reciperent
819 914 863 947 et
899 916 1236 948 conservarent
1272 921 1578 961 quaecunque
1613 911 1756 950 verba
1793 923 1867 950 an-

168 978 358 1030 tiquitus
389 978 557 1018 tradita
591 979 771 1018 servari
804 980 1030 1018 deberent
1063 987 1111 1019 ut
1143 979 1341 1019 Phaedri
1374 980 1547 1031 ipsius.
1574 993 1663 1032 quo
1692 981 1868 1021 iactum

171 1056 241 1089 est
288 1061 431 1100 saepe
480 1061 571 1089 non
618 1056 665 1089 ut
714 1049 911 1089 Phaedri
959 1050 1262 1090 restituerent
1310 1052 1522 1091 senarios
1561 1053 1643 1091 sed
1678 1059 1726 1092 ut
1759 1065 1868 1092 suos

170 1120 396 1171 quosdam
449 1132 610 1160 versus
658 1133 741 1171 pro
790 1121 1092 1160 Phaedrianis
1140 1122 1713 1175 vendita1·ent.exempla
1763 1132 1868 1163 sunt

168 1191 554 1231 innumerabilia.
581 1191 694 1231 satis
743 1192 826 1231 erit
877 1191 934 1231 ad
983 1204 1080 1231 rem
1120 1193 1443 1232 illustrandam
1476 1205 1652 1244 paucas
1686 1194 1868 1234 fabulas

170 1261 356 1301 afferre.
402 1273 517 1312 quas
551 1263 871 1302 exscribemus
904 1275 1008 1303 cum
1042 1271 1191 1303 metro
1225 1264 1440 1304 restituto
1475 1277 1500 1304 a
1535 1265 1790 1305 BURMANNO
1825 1273 1868 1305 et

171 1344 196 1372 a
230 1332 491 1372 MUELLERO
512 1340 557 1372 et
580 1332 605 1372 a
630 1333 810 1373 THIELE
837 1367 843 1373 .
869 1334 1003 1374 unius
1028 1335 1248 1385 cuiusque
1274 1335 1459 1375 fabulae
1485 1342 1665 1376 tantum
1690 1337 1745 1376 de
1771 1349 1869 1376 ver-

170 1403 239 1443 bis
288 1403 539 1454 antiquitus
587 1404 767 1444 traditis
812 1411 1021 1455 aptatum
1070 1405 1266 1445 senariis
1315 1407 1612 1456 praemittam
1647 1414 1868 1457 quantum

170 1486 198 1513 a
231 1474 442 1514 Phaedro
477 1486 569 1514 non
602 1475 835 1515 videbitur
869 1488 971 1515 esse
1003 1476 1374 1527 abiudicandum,
1395 1484 1442 1517 ut
1461 1478 1518 1517 sit
1537 1478 1705 1518 indicio
1730 1491 1866 1529 posse

170 1546 422 1584 verborum
456 1545 730 1585 traditorum
763 1547 864 1596 plus
899 1547 1183 1586 conservari.
1219 1548 1309 1587 iam
1346 1559 1464 1598 quae
1495 1548 1556 1587 illi
1580 1560 1663 1599 pro
1688 1550 1869 1589 traditis

171 1616 340 1664 verbis,
391 1616 522 1667 quasi
570 1629 596 1656 a
644 1617 857 1656 Phaedro
907 1618 1082 1668 alienis,
1134 1618 1296 1658 iniuria
1347 1619 1577 1660 damnatis
1612 1633 1666 1660 ac
1701 1621 1869 1671 spretis

169 1687 520 1736 substituerunt,
572 1699 627 1726 ea
675 1688 877 1727 scribam
926 1689 1091 1728 litteras
1138 1689 1399 1737 im‘ll'mzll'ss
1437 1702 1556 1741 quae
1598 1698 1752 1730 autem
1794 1691 1868 1731 irn-

170 1757 336 1797 merito
385 1769 467 1808 pro
516 1758 819 1798 Phaedrianis
863 1759 1139 1810 habuerunt,
1175 1760 1272 1800 sive
1307 1761 1472 1811 quibus
1506 1768 1704 1801 metrum
1739 1763 1869 1802 vitia-

170 1835 289 1877 runt,
340 1840 396 1868 ea
443 1829 616 1868 notabo
665 1829 871 1869 litteris
914 1830 1166 1870 diductis.
1203 1831 1399 1871 (nationi
1434 1832 1761 1873 diasceuastae
1796 1834 1869 1872 atl-

171 1899 277 1938 dam
325 1899 525 1939 eandem
564 1899 825 1940 orationem
859 1908 1105 1952 purgatam
1141 1902 1417 1953 corruptelis
1450 1911 1590 1954 atque
1624 1904 1869 1955 interpola-

171 1969 404 2009 tionibus.
431 1977 649 2022 corrupta
690 1977 846 2011 autem
880 1979 1019 2023 atque
1053 1973 1332 2024 interpolata
1368 1974 1583 2014 habenda
1617 1982 1735 2023 sunt,
1771 1975 1868 2015 sive

172 2051 291 2091 quae
339 2047 539 2080 metrum
586 2053 676 2081 non
726 2042 904 2093 recipit,
952 2043 1050 2083 sive
1093 2045 1204 2084 talia
1240 2057 1358 2095 quae
1393 2045 1591 2085 Phaedri
1625 2052 1757 2085 aetas
1790 2047 1869 2086 tali

170 2111 276 2150 loco
324 2111 387 2151 ita
435 2124 525 2151 non
560 2114 764 2163 potuerit
812 2114 982 2164 dicere,
1033 2115 1132 2154 si've
1180 2127 1312 2166 quae,
1363 2123 1410 2156 ut
1450 2117 1608 2167 inepta
1642 2125 1686 2157 et
1721 2118 1869 2157 otiosa

171 2187 251 2220 aut
297 2183 620 2233 repugnantia,
665 2184 761 2223 tolli
795 2184 894 2235 ipsa
927 2197 1003 2224 res
1036 2188 1251 2236 postulat.
1287 2187 1397 2226 talia
1431 2187 1569 2237 igitur
1602 2189 1754 2228 omnia
1790 2191 1869 2228 tol-

172 2252 311 2291 lenda
344 2260 463 2292 sunt.

291 2412 300 2430 ¹
329 2415 488 2445 Phaedri
529 2415 693 2446 Fabulae
734 2417 931 2457 Aesopiae.
967 2419 1155 2450 recensuit
1183 2419 1390 2450 Lemma-us
1418 2420 1556 2460 HAVET,
1586 2421 1737 2452 Parisiis
1770 2422 1868 2453 1895.

173 2473 479 2513 Disquisitionum
508 2474 720 2505 criticarum
748 2485 834 2515 pars
862 2476 962 2516 prior
989 2487 1046 2517 pp.
1079 2478 1273 2510 147—-22t

290 2530 302 2547 ‘·'
332 2532 407 2563 Der
445 2533 684 2564 Lateinische
723 2527 826 2574 Asop
855 2535 917 2565 des
946 2536 1124 2567 Romulus
1153 2562 1182 2567 ..
1211 2547 1281 2568 von
1311 2538 1436 2569 GFDRG
1465 2539 1612 2576 THIELE,
1641 2540 1868 2579 Heidelberg

177 2591 277 2623 1910.

291 2647 302 2665 ³
331 2651 372 2681 G.
412 2650 558 2686 Tfliizlfflz,
589 2651 665 2681 Der
707 2651 927 2682 Illustrierte
959 2653 1201 2684 Lateinische
1229 2655 1365 2695 Aesop,
1394 2656 1533 2687 Leiden
1565 2658 1665 2695 1905,
1692 2668 1724 2697 p.
1757 2658 1795 2688 12
1825 2659 1869 2689 de

172 2718 240 2740 suo
275 2710 481 2740 tentamine
510 2710 618 2741 metri
647 2710 872 2742 Phaedriani
900 2712 1137 2744 restituendi:
1171 2714 1285 2744 »auch
1313 2715 1402 2745 wird
1431 2720 1486 2745 est
1514 2716 1615 2746 nicht
1643 2726 1688 2746 an
1716 2717 1868 2747 solchen

174 2768 308 2807 fehlen,
339 2769 397 2799 die
426 2770 480 2800 als
508 2769 658 2800 Kenner
683 2770 925 2801 lateinischer
952 2770 1205 2802 Verstechnik
1234 2773 1313 2803 sich
1341 2774 1446 2804 mehr
1473 2774 1604 2814 Erl'olg
1632 2775 1700 2805 wie
1728 2776 1787 2806 ich
1808 2776 1871 2806 auf

172 2827 313 2858 diesem
342 2828 475 2859 Gebiet
502 2829 755 2868 versprechen
783 2829 948 2860 diirfen›.
