2152 3229
155 1747 193 1775 lli

223 136 278 176 60
780 148 927 179 Phaedri
955 148 1063 179 soluti
1092 148 1229 179 fabuiae
1257 148 1362 179 xxx

222 251 365 286 bulum
404 250 578 286 latinam
617 248 927 285 recensendam
962 254 1002 284 et
1035 249 1399 295 interpretandam
1434 249 1580 295 magni
1615 250 1791 286 interest
1826 259 1921 285 eam

222 303 461 343 contulisse,
489 303 570 339 fab.
596 304 643 339 88
670 302 707 338 H
735 302 819 338 (160
846 300 894 337 C.
923 301 990 337 hic
1019 302 1165 338 affero.
1207 303 1310 345 Γαλῆ
1328 303 1541 345 ἐρασθεῖσα
1559 304 1766 337 νεανίσκου
1782 304 1921 345 εὐπρε-

220 364 326 400 ποῦς.
359 356 498 400 ηὔξατο
531 363 574 400 τῇ
598 356 800 401 Ἀφροὸίτῃ
827 355 935 398 ὅπως
959 356 1080 399 αὐτὴν
1102 354 1395 398 Ιιιεταιιορφώσῃ
1419 355 1475 397 εἰς
1497 360 1662 398 γυναῖκα
1677 380 1683 386 .
1701 354 1761 387 καί
1778 354 1800 397 ἡ
1820 354 1926 397 θεὸς,

220 408 413 451 ἐλεήσασα
445 408 562 450 αὐτῆς
594 407 636 441 τὸ
671 408 810 449 πάθος,
834 407 1108 447 μετετύπωσεν
1133 405 1253 449 αὐτὴν
1277 406 1332 448 εἰς
1359 404 1478 447 κόρην
1502 404 1652 448 εὐειδῆ·
1669 405 1728 438 καί
1753 406 1877 449 οὕτως
1903 405 1924 439 ὁ

222 460 422 501 νεανίσκος
449 458 693 501 ὓε(ισά,ιιενος
717 457 838 500 αὐτὴν
864 457 922 489 καί
947 457 1139 500 ἐρασθείς,
1171 454 1305 490 οἶκαδε
1322 455 1378 498 ὡς
1394 455 1536 489 ἑαυτὸν
1553 456 1740 499 ἀπήγαγε.
1759 456 1924 498 καθημέ-

222 522 302 544 νων
327 508 371 542 ὁέ
396 510 525 542 αὐτῶν
547 509 593 541 ἐν
618 515 670 552 τῷ
696 509 873 551 θαλάμῳ,
901 508 920 550 ἡ
944 507 1145 552 Ἀφροδίτη
1167 512 1317 552 γνῶναι
1341 506 1572 549 βουλομένη,
1601 508 1634 539 εἰ
1649 505 1925 548 μεταβαλοῦσα

220 561 262 594 τὸ
300 567 410 602 σῶμα
441 560 462 603 ἡ
490 560 592 603 γαλῆ
617 561 688 593 καίι
706 560 773 593 τὸν
800 561 947 603 τρόπον
970 558 1200 601 κατήλλαξε,
1222 563 1298 599 μῦν
1322 558 1378 600 sig
1403 558 1446 591 τὸ
1469 557 1594 600 μέσον
1619 557 1813 599 καθῆκεν·
1832 557 1854 600 ἡ
1880 556 1925 591 δὲ

220 612 484 656 ἐπιλαθομένη
511 617 590 645 τῶν
614 611 836 654 παρόντων,
863 611 1109 653 ἐξαναστᾶσα
1137 609 1212 644 ἀπὸ
1238 614 1303 652 τῆς
1329 610 1469 653 κοίτης,
1494 609 1562 643 τὸν
1583 615 1660 650 μῦν
1685 607 1836 649 solome,
1864 619 1926 641 ua-

222 669 409 707 ταφαγεῖν
439 664 621 697 θέλουσα,
648 664 708 696 καί
740 663 760 706 ἡ
789 663 879 705 θεὸς
906 661 1206 705 ἀγανακτήσασα
1232 661 1310 693 κατ’
1337 661 1462 704 αὐτῆς,
1489 659 1608 693 πάλιν
1633 658 1752 702 αὐτὴν
1777 660 1834 703 εἰς
1858 659 1927 702 τὴν

221 715 383 758 ἀρχαίαν
408 715 525 758 φύσιν
550 714 878 757 ἀποκατέστησεν.

340 764 425 800 Sed
453 764 682 800 redeamus
711 764 764 800 ad
793 763 954 800 codicis
980 774 1020 798 w
1048 763 1234 799 fabulam
1264 762 1452 798 latinam.
1480 762 1600 797 cuius
1627 772 1662 796 v.
1684 761 1708 795 4
1727 761 1845 797 thoro
1865 771 1926 797 se-

262 993 293 1031 ῳ
328 976 539 1021 XXVII.
606 975 743 1021 1-119
776 989 837 1020 ex
873 976 980 1020 cod.
1017 974 1057 1019 E
1092 978 1154 1031 (et
1186 975 1269 1031 V).
1334 972 1599 1019 MILVVS
1633 972 1879 1018 AEGER.

223 1097 369 1137 Nemo
403 1097 667 1137 immundus
700 1097 842 1137 debet
876 1105 1073 1147 tangere
1108 1095 1282 1135 munda
1315 1107 1465 1134 sacra.

223 1168 410 1221 {frustra
443 1168 629 1208 veniam
663 1168 943 1208 delictorum
976 1175 1112 1217 rogat
1148 1166 1223 1217 qui
1256 1166 1300 1206 in
1334 1165 1510 1206 malitia
1544 1164 1797 1217 perduratl.

222 1239 389 1279 Milvus
423 1239 608 1279 iacebat
643 1251 834 1290 pressus
867 1239 1073 1290 pondere
1108 1237 1268 1287 gravis
1300 1237 1450 1277 morbi

222 1310 297 1361 qui
331 1310 517 1361 rogavit
551 1322 730 1350 murem
766 1322 871 1349 cum
905 1310 1081 1360 gemitu
1115 1308 1271 1348 cordis

176 1394 189 1420 .-
222 1389 269 1420 ut
302 1381 379 1421 illa
412 1381 545 1421 daret
579 1381 762 1432 superis
794 1388 907 1420 vota
939 1371 1023 1431 pro
1059 1381 1173 1431 ipso.

222 1452 299 1491 illa
337 1452 482 1503 inquit
516 1464 541 1491 o
575 1452 635 1491 mi
668 1458 777 1491 nate
812 1458 860 1491 tu
894 1463 1037 1503 saepe
1070 1450 1217 1490 lesisti
1241 1450 1442 1490 numina.
1468 1456 1754 1501 quapropter
1777 1459 1930 1499 poena

342 1523 424 1563 fuit
458 1523 538 1563 tibi
571 1535 713 1574 saepe

221 1594 485 1634 metuenda.
523 1593 723 1646 [quando
757 1594 913 1633 omnia
946 1594 1142 1633 delubra
1175 1592 1387 1644 vastasti]

224 1668 285 1720 [et
320 1672 494 1705 cuncta
527 1666 695 1705 altaria
730 1665 948 1718 polluisti]

222 1738 327 1788 [nec
361 1737 605 1777 sacrificiis
638 1736 906 1788 pepercisti]

222 1808 281 1848 illi
315 1816 424 1848 tunc
459 1815 610 1848 sumet
643 1807 989 1847 medicamenta
1023 1807 1080 1846 de
1114 1814 1192 1846 tuo
1228 1806 1450 1845 crimine?

220 1891 448 1930 praesens
479 1879 611 1918 dolor
645 1878 770 1929 cogit
805 1886 849 1917 te
885 1890 989 1918 esse
1024 1878 1211 1917 fidelem

222 1950 303 1989 sed
338 1950 425 1989 ista
458 1950 610 2000 pietas
642 1949 775 1989 tarda
808 1949 934 1988 venit
970 1960 1075 1988 cum
1108 1955 1272 1988 morte.

340 2089 567 2124 Adnotatio.
618 2088 755 2124 Huius
790 2087 960 2124 fabulae
994 2108 1036 2112 —-
1071 2097 1181 2133 quae
1208 2097 1293 2122 non
1331 2090 1444 2121 extat
1470 2085 1550 2121 nisi
1578 2085 1619 2121 in
1648 2095 1668 2120 r
1695 2105 1737 2108 ——
1766 2088 1864 2120 sunt
1890 2083 1931 2119 in

223 2153 243 2177 r
275 2142 385 2178 duae
419 2142 707 2178 recensiones.
743 2151 853 2188 quae
886 2146 1068 2187 utraque
1102 2139 1298 2175 recensio
1334 2139 1529 2186 graviter
1562 2143 1625 2174 est
1651 2137 1930 2183 interpolata3

223 2206 301 2231 nec
329 2195 370 2231 id
397 2200 539 2231 tamen
569 2194 708 2240 magis
735 2204 865 2241 quam
892 2199 936 2229 ut
962 2204 1039 2240 per
1066 2192 1275 2229 obductas
1302 2191 1655 2238 interpolationes
1687 2190 1823 2237 possit
1850 2190 1933 2226 cul-

222 2259 290 2288 tus
322 2248 526 2294 pristinus
561 2247 732 2294 saepius
769 2246 931 2293 dispici.
960 2256 1142 2293 quarum
1170 2245 1473 2281 recensionum
1502 2245 1635 2280 altera
1662 2248 1834 2280 servata
1871 2247 1936 2279 est

225 2301 373 2337 codice
410 2301 454 2342 E,
490 2302 623 2337 altera
657 2311 754 2336 cum
790 2300 984 2346 pluribus
1018 2298 1239 2334 codicibus
1266 2298 1438 2333 Romuli
1467 2302 1555 2334 tum
1583 2297 1676 2343 ipso
1705 2295 1855 2333 codice
1882 2294 1933 2340 V,

225 2354 475 2400 ceteroquin
510 2354 671 2390 codicis
704 2353 739 2389 E
771 2353 969 2399 gemello.
997 2351 1194 2387 recensio
1223 2351 1385 2387 codicis
1412 2350 1446 2386 E
1473 2360 1739 2397 quamquam
1767 2354 1809 2385 et
1835 2349 1929 2395 ipsa

223 2408 332 2443 hanc
362 2407 551 2443 fabulam
580 2407 747 2443 exhibet
774 2416 949 2453 passam
977 2405 1171 2451 graviter
1189 2404 1284 2440 rudi
1305 2404 1604 2440 diasceuastae
1624 2413 1766 2447 manu,
1786 2408 1932 2438 tamen

223 2460 348 2496 huius
384 2460 556 2506 quidem
585 2460 754 2495 fabulae
784 2459 915 2494 verba
943 2458 1014 2494 dat
1040 2458 1184 2504 paullo
1211 2457 1418 2504 propiora
1444 2456 1646 2503 pristinis,
1674 2455 1750 2491 sed
1778 2454 1925 2491 decur-

224 2518 310 2548 tata
336 2513 548 2559 nimisque
576 2517 808 2548 contracta.
837 2512 979 2558 itaque
1006 2511 1048 2546 in
1076 2510 1109 2546 E
1137 2510 1255 2546 deest
1282 2516 1322 2546 et
1348 2521 1386 2546 v.
1412 2509 1446 2555 2,
1474 2519 1584 2556 quae
1611 2514 1674 2544 est
1693 2507 1927 2555 promythii

224 2577 325 2612 pars
364 2566 588 2612 posterior,
617 2571 656 2601 et
690 2575 756 2601 vv.
791 2564 918 2608 8—10,
948 2564 1017 2610 qui
1047 2563 1380 2610 descriptionem
1408 2562 1637 2609 impietatis
1667 2561 1930 2607 scelerisque

225 2619 399 2661 milvini‚
428 2619 481 2655 ad
508 2619 596 2654 vim
623 2618 793 2654 fabulae
821 2616 1119 2653 illustrandam
1145 2617 1449 2661 necessariam,
1481 2615 1709 2651 continent.
1730 2613 1807 2650 sed
1827 2623 1930 2649 casu

226 2672 335 2708 felici
369 2673 486 2714 haec,
521 2682 631 2718 quae
664 2671 705 2707 in
740 2670 774 2706 E
802 2671 965 2715 desunt,
994 2671 1127 2705 altera
1155 2669 1409 2705 recensione
1436 2673 1608 2704 servata
1635 2673 1742 2711 sunt,
1770 2677 1849 2702 nec
1877 2676 1928 2702 ea

228 2726 366 2769 magis
403 2731 605 2771 corrupta
640 2735 768 2771 quam
802 2729 846 2760 ut
880 2724 947 2759 vel
980 2732 1185 2759 numeros
1212 2722 1416 2768 pristinos
1443 2721 1511 2757 vel
1537 2720 1717 2767 pristina
1744 2719 1927 2755 Phaedri

226 2779 359 2814 verba
398 2778 439 2813 in
481 2778 561 2813 hac
602 2777 774 2824 quidem
810 2781 933 2823 parte
967 2776 1136 2811 fabulae
1175 2775 1300 2811 liceat
1328 2784 1582 2820 agnoscere.
1611 2783 1721 2819 quae
1749 2782 1846 2808 cum
1875 2772 1932 2808 ita

226 2831 318 2872 sint,
345 2831 468 2867 nobis
505 2830 689 2877 quidem,
717 2830 819 2866 dum
846 2828 1058 2865 vindicias
1087 2827 1256 2873 agimus
1283 2826 1589 2871 Phaedrianas,
1616 2826 1722 2861 haec
1750 2835 1834 2861 una
1862 2825 1931 2861 da-

226 2891 294 2920 tur
320 2884 388 2919 via
415 2884 539 2920 huius
567 2884 737 2919 fabulae
765 2881 1068 2926 recensendae,
1096 2886 1141 2917 ut
1169 2880 1319 2917 codice
1346 2880 1381 2917 E
1407 2886 1580 2916 utamur
1606 2879 1647 2915 in
1674 2878 1840 2923 ceteris,
1859 2878 1931 2914 illa
