2152 3229
139 386 197 422 '1⁴¹

225 130 280 170 26
787 141 935 173 Phaedri
961 141 1072 173 soluti
1099 141 1234 172 fabulae
1261 140 1366 171 xxx

226 254 271 287 et
305 248 534 287 devorare
571 245 749 297 coepit·
772 245 841 285 Ex
874 245 1062 285 diverso
1096 244 1224 284 venit

225 329 400 369 auceps
433 324 480 357 et
513 318 696 357 calamo
730 317 923 356 silenter
955 316 1114 355 levato

226 394 479 440 acceptore
515 393 760 428 contracto
794 386 1014 427 visco·in
1048 392 1225 426 terram
1259 386 1449 436 deiecit3

226 460 300 511 qui
336 458 436 499 aliis
470 458 769 498 insidiantur·
790 457 953 497 timere
989 457 1162 497 debent
1194 468 1252 496 ne
1289 456 1552 508 capiantur;

342 644 568 681 Adnotatio.
620 644 739 681 Haec
767 643 919 680 eadem
946 643 1135 680 narratio
1163 653 1272 689 quae
1300 653 1324 678 a
1349 642 1396 678 39
1423 648 1485 678 est
1511 653 1551 678 w
1579 641 1636 677 ΙΙΙ
1662 641 1684 677 4
1711 646 1752 677 θῖ
1778 651 1799 677 r
1824 639 1881 676 III
1905 641 1929 676 5

225 699 369 735 verbis
398 699 572 742 variata,
602 708 848 744 congruens
875 697 1016 742 rebus,
1042 697 1173 743 petita
1199 696 1340 732 omnis
1367 706 1417 732 ex
1444 695 1652 732 Phaedro.

343 754 388 788 V.
416 753 450 788 2.
479 762 613 787 auras
639 761 790 788 omnes
817 751 912 786 libri
940 756 1113 797 praeter
1140 761 1161 786 a
1179 761 1185 786 :
1203 749 1392 785 auritum
1410 759 1606 794 azagros
1627 746 1926 784 Luc.MUELL1-:n.

225 816 360 842 auras
386 806 527 852 potius
554 804 787 851 legendum
815 814 944 850 quam
971 803 1173 839 auritum.
1201 803 1283 839 illis
1310 802 1423 838 enim
1451 802 1596 838 verbis
1624 803 1671 837 ut
1694 799 1927 847 speculare-

225 863 296 895 tur
321 858 510 895 auritum
537 858 572 894 si
600 857 828 900 credimus,
857 857 1061 903 accipiter
1087 857 1168 893 hoc
1196 856 1291 892 loco
1320 876 1363 880 —
1393 854 1509 902 quod
1536 855 1693 891 mirum
1721 859 1761 890 et
1787 853 1927 889 insoli-

226 920 315 949 tum
358 918 420 948 est
458 932 503 936 —-
542 910 757 947 inducitur
800 909 955 946 sedens
1000 914 1045 945 ut
1089 910 1308 945 inventam
1354 907 1562 955 praedam
1603 907 1927 954 contempletur.

226 975 491 1012 quamquam
524 974 618 999 mos
645 969 708 999 est
736 962 953 1009 accipitris
980 967 1025 998 ut
1051 962 1269 997 inventam
1298 960 1507 1008 praedam
1534 960 1740 996 fulmineo
1767 960 1929 1006 impetu

229 1018 413 1055 invadat.
447 1017 562 1064 quod
589 1017 670 1053 nisi
698 1016 847 1052 iecerit
873 1025 1030 1062 nempe
1057 1015 1094 1051 ei
1122 1014 1362 1051 timendum
1389 1019 1452 1050 est
1479 1024 1533 1049 ne
1560 1013 1741 1059 effugiat
1766 1011 1931 1060 praeda

228 1077 471 1118 conspecta.
498 1071 563 1107 sin
590 1071 710 1116 leges
738 1079 836 1105 cum
863 1068 1085 1105 codicibus
1112 1068 1308 1116 plurimis
1335 1070 1382 1103 ut
1405 1066 1697 1113 specularetur
1723 1076 1869 1108 auras,
1888 1065 1931 1102 id

230 1125 395 1162 videbis
428 1123 595 1160 narrari
631 1122 746 1169 quod
779 1132 877 1159 cum
905 1121 1121 1168 accipitris
1148 1126 1303 1157 natura
1331 1126 1371 1156 et
1398 1119 1590 1156 moribus
1618 1119 1803 1155 maxime
1834 1128 1930 1155 con-

229 1184 367 1225 gruat.
418 1178 453 1213 2.
481 1177 523 1213 iu
550 1176 619 1212 illo
648 1188 683 1219 a,
710 1186 797 1212 non
824 1175 980 1222 recepi.
1009 1174 1124 1221 quod
1151 1174 1314 1210 scilicet
1340 1173 1503 1210 idcirco
1532 1183 1557 1209 a
1584 1172 1855 1209 diasceuasta
1874 1171 1931 1208 in-

229 1237 391 1268 sertum
419 1236 482 1267 est
510 1230 624 1277 quod
653 1230 906 1276 accipitrem
925 1229 967 1264 in
986 1228 1088 1264 nido
1109 1227 1316 1264 lusciniae
1334 1226 1556 1264 sedentem
1574 1231 1619 1262 ut
1637 1225 1934 1272 specularetur

229 1295 458 1332 perperam
486 1284 657 1329 iecerat,
685 1283 854 1319 tametsi
882 1287 1137 1329 prospectus
1166 1292 1190 1317 a
1216 1280 1317 1318 nido
1337 1280 1544 1317 lusciniae
1563 1289 1658 1315 esse
1678 1278 1858 1324 exiguus
1878 1282 1933 1314 at-

229 1349 312 1385 que
338 1337 568 1384 impeditus
595 1337 715 1382 solet,
743 1335 859 1383 quod
886 1335 1067 1371 luscinia
1094 1335 1136 1371 in
1163 1334 1364 1381 virgultis
1391 1332 1509 1370 humi
1535 1331 1726 1369 nidificat
1751 1335 1821 1367 aut
1839 1341 1934 1378 pro-

229 1403 282 1438 pe
319 1392 497 1428 humum
537 1390 602 1434 (ci.
636 1389 785 1435 Ramisi,
817 1388 1061 1425 Tierleben3
1095 1387 1153 1424 IV
1192 1388 1264 1433 47).
1299 1387 1361 1424 sic
1399 1386 1530 1432 igitur
1555 1385 1690 1421 verba
1716 1383 1936 1431 iungenda

230 1450 327 1482 sunt
359 1450 399 1481 et
431 1443 765 1490 interpretanda,
799 1442 1052 1488 accipitrem
1086 1451 1183 1477 cum
1212 1440 1383 1477 sederet
1410 1440 1467 1480 (in
1494 1439 1738 1486 propinquo
1766 1436 1935 1474 arboris

230 1498 454 1535 cacumine
480 1497 594 1539 inde>
622 1496 899 1542 conspexisse
926 1495 983 1540 (in
1012 1494 1218 1541 proximis
1245 1494 1463 1540 virgultis)
1491 1491 1639 1529 nidum
1667 1490 1874 1527 lusciniae
1893 1490 1935 1526 in

230 1562 367 1599 coque
405 1550 505 1587 nido
541 1560 701 1597 parvos
741 1549 890 1596 pullos.
934 1569 975 1573 —-
1011 1549 1047 1583 4.
1084 1553 1124 1584 et
1149 1549 1184 1585 7.
1212 1547 1348 1593 iuquit
1375 1545 1548 1592 (inquid)
1576 1544 1739 1581 wr2m't
1766 1554 1801 1580 a.
1827 1564 1874 1568 —
1901 1544 1935 1578 5.

229 1604 428 1650 quamvis
459 1603 659 1639 excideret
689 1604 804 1638 metu
830 1601 994 1648 scripsi,
1022 1606 1066 1637 ut
1094 1600 1275 1638 Ovidius
1303 1610 1338 1637 a.
1368 1610 1401 1636 a.
1422 1599 1439 1636 I
1462 1599 1532 1635 539
1565 1597 1732 1635 »excidit
1754 1596 1830 1633 illa
1856 1606 1936 1632 me-

226 1661 273 1694 tu
298 1658 498 1705 rupitque
525 1656 763 1693 novissima
789 1655 935 1699 verba,
966 1655 1106 1691 nullus
1133 1654 1176 1690 in
1205 1653 1389 1690 exanimi
1418 1662 1603 1699 corpore
1623 1650 1802 1697 sanguis
1821 1655 1935 1686 erat»

231 1710 450 1757 :quamvis
483 1709 656 1746 unimus
684 1708 887 1745 excideret
911 1718 962 1744 ex
990 1710 1104 1744 metu
1129 1706 1444 1752 VEzqnanwz's
1470 1705 1680 1742 exciderat
1705 1703 1879 1740 animus
1905 1702 1938 1738 F

231 1764 451 1811 Quamvis
477 1763 651 1799 animus
677 1761 886 1798 excederet
911 1760 976 1797 M:
996 1760 1196 1806 quamvis
1223 1760 1396 1796 animus
1414 1758 1615 1796 excideret
1633 1757 1700 1795 Es
1716 1769 1723 1794 z
1739 1755 1939 1803 quamvis

229 1818 437 1856 excederet
463 1816 636 1853 uuz'mus
662 1827 688 1852 a
715 1820 888 1861 corpore
914 1817 1037 1850 tantu
1064 1817 1178 1850 metu
1204 1825 1267 1850 w:
1283 1812 1483 1859 quamvis
1508 1822 1553 1848 se
1568 1810 1831 1858 praecederet
1851 1809 1939 1846 cmi-

231 1883 312 1909 mo.
339 1874 482 1908 tamen
509 1873 623 1906 metu
652 1880 685 1905 a.
713 1890 758 1894 —
785 1870 818 1904 6.
847 1868 920 1913 qui
943 1867 1144 1914 captabat
1166 1866 1375 1913 praedam
1405 1866 1538 1911 [illam
1565 1864 1754 1909 movam]
1783 1862 1937 1909 scripsi

232 1924 327 1970 :qui
350 1923 555 1970 praedam
583 1924 831 1968 captaverat
858 1932 892 1957 a.
922 1942 963 1946 -—
998 1922 1058 1956 10.
1085 1919 1218 1956 delicit
1243 1919 1399 1966 scripsi
1415 1930 1421 1955 ;
1439 1917 1578 1955 deiecit
1597 1929 1620 1954 a
1636 1929 1642 1954 :
1661 1917 1730 1953 alii
1749 1916 1846 1953 libri
1867 1915 1937 1952 ali-

231 1987 306 2014 ter.
337 1978 387 2014 ci.
416 1977 470 2013 ad
497 1977 534 2012 h.
562 1977 583 2012 l.
612 1975 754 2011 Varro
784 1986 813 2010 r.
844 1985 874 2010 r.
906 1974 961 2010 ΙΙΙ
988 1974 1021 2009 7.
1049 1974 1070 2009 7
1098 1979 1138 2009 θῖ
1165 1972 1258 2009 val.
1286 1972 1425 2008 Flacc.
1453 1971 1513 2007 VI
1538 1969 1739 2007 260-264.
1769 1991 1811 1994 —
1839 1968 1937 2005 acci-

232 2032 383 2079 pitrem
422 2033 582 2067 tactum
624 2030 734 2066 visco
774 2029 927 2076 scripsi
969 2029 1124 2064 collato
1164 2027 1302 2064 Plauti
1335 2024 1815 2062 Racch.1158»Ta.ctns
1841 2033 1938 2060 sum

232 2086 510 2122 vehementer
539 2084 673 2120 vz'sco»
691 2095 697 2119 2
714 2082 953 2129 accipitrem
983 2083 1247 2117 contractum
1274 2080 1386 2116 visco
1414 2078 1597 2116 BFSVE
1623 2079 1746 2124 (ergo
1775 2077 1867 2113 veri
1885 2076 1938 2113 si-

232 2140 331 2175 mile
358 2144 422 2174 est
448 2138 508 2174 sic
534 2137 665 2173 fuisse
690 2137 731 2172 in
759 2135 993 2181 archetypo
1020 2134 1206 2178 Romuli)
1225 2145 1231 2169 ς
1249 2135 1506 2179 acceptorem
1533 2133 1744 2168 contracto
1763 2129 1876 2166 visco
1895 2129 1935 2165 M

233 2194 468 2238 :deceptore
500 2193 711 2227 contracto
745 2189 858 2225 visco
896 2200 942 2224 a:
965 2190 1115 2234 captus
1147 2188 1338 2232 acceptor
1370 2185 1535 2222 viscum
1569 2196 1620 2221 W.
1656 2184 1708 2220 de
1740 2194 1849 2220 voce
1876 2193 1939 2219 ac-

232 2248 393 2292 ‹eptore
411 2243 630 2280 NVoelfflin
649 2241 765 2279 ALL
783 2241 885 2278 VIII
907 2241 974 2277 1⁴23
993 2246 1034 2277 et
1051 2240 1175 2276 Marx
1194 2240 1248 2276 ad
1264 2239 1386 2277 Lucil
1404 2239 1504 2275 1170.
1524 2237 1747 2274 Phaedrus
1763 2236 1938 2284 quidem

233 2299 467 2344 scripserat
495 2296 748 2343 accipitrem,
776 2301 820 2332 ut
850 2300 880 2332 Φ
908 2295 923 2330 Ι
949 2296 985 2331 9.
1010 2295 1032 2331 6
1059 2293 1262 2339 accipiter.

352 2351 397 2387 In
425 2351 504 2387 hac
533 2351 675 2386 fabula
703 2349 900 2396 quamvis
927 2348 1183 2394 interpolata
1210 2347 1354 2382 insunt
1380 2352 1523 2382 tamen
1552 2344 1768 2392 quaedam
1788 2343 1938 2379 Phae-

191 2425 197 2431 ·
234 2406 447 2442 drianae
466 2402 883 2440 versificationis
903 2401 1128 2446 vestigia
1148 2400 1415 2446 laciniaeque
1434 2399 1718 2435 senariorum.
1736 2396 1759 2433 2
1784 2396 1835 2433 Ut
1851 2400 1938 2442 spe-

231 2459 445 2495 cularetur
476 2467 610 2493 auras
639 2487 644 2493 .
668 2486 673 2492 .
700 2456 723 2491 3
757 2453 1010 2501 Supervenit
1043 2453 1221 2490 luscinia
1258 2483 1263 2489 .
1289 2481 1308 2495 .,
1336 2453 1357 2488 4
1390 2451 1587 2488 Facinus
1614 2452 1646 2483 L
1672 2478 1707 2491 υ
1732 2449 1845 2495 quod
1873 2448 1940 2485 vis

232 2512 338 2548 uu'lu'
359 2510 399 2546 εἰ
422 2510 520 2546 bene
545 2508 797 2549 cantaveris,
822 2508 845 2543 S
874 2507 1095 2553 (Joepz'tqne
1128 2505 1340 2542 devorare.
1368 2516 1418 2541 ex
1442 2504 1607 2541 diverso
1632 2503 1747 2540 venit
1765 2502 1937 2549 (Coepit-

232 2576 310 2610 (μα’
348 2564 551 2600 devorare
589 2562 742 2609 scripsi
764 2573 770 2597 ς
799 2561 855 2597 Et
899 2560 1103 2596 devorare
1129 2559 1260 2605 coepit
1287 2570 1322 2603 a,
1351 2558 1465 2605 quod
1492 2558 1633 2604 ipsum
1660 2567 1738 2603 per
1763 2566 1810 2591 se
1837 2555 1939 2602 legi-

234 2619 384 2655 timum
413 2623 475 2653 est
501 2617 620 2663 prius
648 2625 818 2651 comma
846 2614 1030 2657 senarii).
1059 2613 1129 2659 qui
1157 2623 1309 2649 versus
1335 2611 1407 2648 tali
1436 2616 1500 2647 est
1527 2620 1709 2647 caesura
1736 2610 1758 2653 (.
1783 2638 1789 2644 .
1817 2608 1936 2644 devo-

233 2672 404 2707 1'a1²e”cx
438 2675 483 2714 ..)
517 2669 631 2715 quali
666 2673 696 2704 Φ
728 2667 744 2703 I
777 2668 809 2703 4.
843 2668 864 2703 4
898 2667 1126 2712 Aliamque
1159 2664 1448 2712 praedanfab
1483 2664 1565 2699 alio
1603 2692 1670 2708 ...,
1709 2662 1782 2698 18.
1813 2662 1826 2697 1
1857 2660 1939 2705 Qui

234 2724 417 2770 pretium
444 2722 659 2758 meriti⁶ab
686 2721 895 2768 improbis
927 2750 931 2756 .
950 2750 974 2765 .‚
1002 2719 1059 2755 III
1082 2719 1134 2755 lO.
1158 2719 1197 2754 ll
1219 2718 1421 2755 seductus
1440 2717 1482 2753 in
1502 2716 1767 2752 secretunfa
1786 2714 1938 2750 liberto

235 2788 324 2820 suo,
354 2776 410 2812 ΙΙΙ
435 2776 469 2812 3.
495 2775 517 2811 7
545 2775 624 2811 Hic
653 2773 948 2821 pertinerffud
973 2772 1135 2809 domini
1162 2771 1385 2818 respondit
1412 2777 1550 2817 caput.

355 2829 444 2865 Iam
477 2839 617 2875 pauca
650 2828 701 2864 de
735 2827 975 2863 dictione.
1028 2825 1072 2862 In
1104 2828 1134 2860 Φ
1160 2835 1245 2861 non
1273 2823 1442 2870 repperi
1469 2821 1759 2868 specularetur
1785 2820 1935 2857 excide-

236 2886 296 2918 ret
322 2887 476 2928 auceps
501 2881 746 2928 supervenit
771 2882 916 2916 cautu!
942 2879 1055 2915 visco
1082 2878 1253 2915 silenter
1274 2882 1330 2913 ‹at
1351 2876 1514 2912 silentio
1534 2881 1574 2911 et
1592 2874 1689 2911 siles
1707 2880 1805 2911 sunt
1822 2873 1863 2910 in
1884 2876 1940 2908 Φ).
