2152 3229
127 249 147 280 6

108 526 147 556 10

106 2167 146 2198 10

504 138 593 169 Fab.
621 138 665 178 X,
693 139 756 170 XI.
807 139 921 171 Culex
949 145 985 171 et
1011 145 1150 171 taurus.
1202 139 1328 179 Equus
1355 140 1535 180 superbus
1815 126 1870 165 23

174 240 262 280 Hic
295 252 345 280 se
378 252 464 291 per
496 253 635 282 auras
667 243 850 283 sustulit
882 254 1037 294 penna
1069 243 1162 283 levi

174 311 397 362 Lusitque
431 312 615 352 turbam
649 319 695 353 et
728 313 848 353 tauri
880 313 1088 354 destituit
1120 314 1282 354 minas,

178 381 271 432 Qui
297 381 335 422 si
366 382 530 423 fuisset
563 383 746 424 validae
778 384 979 433 cervicis
1011 396 1203 435 mernor,

174 452 444 492 Pudendum
480 454 841 506 contempsisse}
873 455 1214 498 adversarium.

174 522 372 563 Materia
404 524 591 576 ineptae
624 537 704 565 nec
735 524 898 565 fuisset
930 525 1118 576 gloriae.

175 593 271 634 Sibi
304 593 478 634 famam
509 594 671 635 minuit
704 595 780 646 qui
811 607 862 635 se
894 595 1096 646 indignis
1129 602 1385 647 comparat.

173 723 315 756 torum
347 731 424 757 ora
452 721 712 767 populorum
741 751 775 759 ,.
803 721 1009 757 familiam
1043 722 1155 757 male
1188 721 1372 758 audire».
1414 742 1456 747 —
1495 725 1530 757 9.
1571 721 1870 758 adversarizmz

174 774 259 810 iam
285 773 376 810 Luc.
403 773 840 811 MUELLER:immicum
868 785 902 810 a.
930 795 973 798 —
1000 776 1062 810 10.
1089 774 1147 811 ita
1173 775 1259 811 iam
1286 774 1464 811 Hamus
1492 775 1605 822 apud
1631 775 1786 811 Tinna.

292 825 440 863 Codex
467 838 491 862 a
516 826 645 863 habet
671 828 904 864 senarios
932 828 1126 874 integros
1152 838 1305 864 versus
1336 828 1364 873 1,
1391 829 1423 873 4,
1451 828 1484 874 6,
1511 828 1544 871 7,
1570 828 1603 865 8.

290 880 424 916 Aliter
451 886 577 927 atque
603 880 683 917 hac
710 881 855 918 fabula
881 881 994 918 idem
1016 887 1374 927 argumentum
1395 887 1624 918 tractatum
1644 887 1708 918 est
1727 881 1871 918 fabula

173 943 334 980 graeca
364 932 435 969 234
467 933 595 969 Halm
629 934 712 975 (146
738 933 919 979 Corais).
947 945 1057 981 quae
1084 935 1227 971 fabula
1255 935 1307 970 ab
1335 935 1415 971 hae
1442 935 1573 972 latina
1601 935 1746 972 differt
1774 945 1868 971 cum

173 988 375 1024 universa
408 987 656 1024 narratione
688 992 778 1024 tum
810 988 916 1024 haee
945 988 1040 1025 duo.
1068 998 1201 1024 unum
1229 988 1343 1035 quod
1370 989 1413 1025 in
1440 999 1603 1035 graeca
1630 988 1776 1025 fabula
1804 998 1870 1024 cu-

173 1041 239 1077 lex
271 1045 335 1077 est
366 1050 451 1076 non
484 1041 635 1086 solum,
669 1046 714 1078 ut
746 1042 787 1077 in
822 1042 962 1083 latina,
996 1041 1213 1088 gloriosus
1248 1052 1297 1077 ae
1325 1042 1532 1088 peullam,
1560 1052 1713 1078 verum
1741 1041 1870 1078 etiam

173 1094 355 1130 bellator
379 1094 628 1140 intrepidus.
657 1094 838 1131 alterum
866 1094 981 1141 quod
1006 1094 1104 1131 huie
1131 1094 1328 1131 bellatori
1355 1094 1622 1131 Rhamnusia
1648 1095 1775 1141 virgo
1795 1105 1887 1141 per¹

173 1157 390 1192 araneam,
416 1147 642 1184 bestiolam
670 1158 756 1184 non
782 1148 924 1184 minus
952 1148 1090 1188 vilem,
1119 1148 1236 1184 vices
1264 1148 1395 1184 refert
1423 1148 1600 1184 debitas.

343 1400 424 1444 XI.
491 1399 727 1456 EQVVS
761 1400 1079 1446 SVPERBV
1083 1400 1130 1447 S.
1195 1406 1393 1444 Melrmn
1429 1405 1707 1445 restitutum.

173 1522 332 1573 Equus
364 1522 627 1562 occucurrit
661 1522 792 1563 asino
826 1522 1032 1573 phaleris
1064 1523 1282 1563 insolens.

174 1593 408 1644 [Onustus
441 1592 606 1633 asinus
639 1593 694 1645 et]
729 1593 953 1644 fatigatus
985 1593 1119 1635 malis

175 1663 293 1714 Quia
325 1664 586 1704 transeunti
617 1664 795 1704 tardius
827 1665 1021 1705 dederat
1055 1665 1193 1715 viam,

179 1734 322 1774 »Vix»
360 1734 506 1786 inquit
542 1742 736 1775 »teneor
767 1735 876 1787 quin
910 1742 955 1776 te
990 1747 1201 1788 rumpam
1237 1736 1487 1776 calcibus».

178 1805 377 1846 Retieuit
409 1806 485 1846 ille
521 1813 565 1846 et
599 1806 775 1857 gemitu
808 1812 1008 1847 testatur
1041 1807 1168 1847 deos.

174 1877 332 1928 Equus
366 1877 597 1917 currendo
629 1882 792 1929 ruptus
824 1890 971 1930 parvo
1006 1878 1051 1917 in
1084 1885 1296 1929 tempore

175 1947 250 1987 Ad
282 1948 440 1988 villam
474 1954 544 1988 est
576 1948 757 1989 missus.
790 1949 912 1988 hune
947 1956 1164 1990 onustum
1198 1957 1410 1990 stercore

174 2019 235 2059 Ut
266 2018 380 2059 vidit
414 2018 570 2059 asinus
603 2019 715 2059 talia
747 2019 885 2059 irrisit
919 2020 1136 2071 loquens:

179 2089 323 2140 »Quid
355 2090 557 2141 gloriose
593 2091 826 2141 quondam
859 2091 1064 2142 phaleris
1096 2091 1267 2143 profuit

177 2159 374 2212 [Ornari
404 2161 462 2212 St]
497 2160 656 2201 redisti
689 2165 869 2212 turpem
902 2161 961 2201 ad
994 2162 1279 2202 miseriam?»

174 2231 371 2281 Felices,
406 2231 482 2282 qui
515 2232 776 2283 despiciunt
809 2232 1027 2272 humilem
1061 2236 1103 2272 et
1127 2239 1398 2285 pauperem,

174 2302 312 2342 Dubii
345 2301 618 2342 meminisse
653 2303 824 2343 debent
860 2302 1015 2355 [quam
1047 2304 1145 2343 sint
1175 2305 1359 2357 exuas]

175 2373 291 2423 Quia
324 2373 432 2424 quid
465 2372 604 2413 futuri
637 2373 727 2413 sint
761 2374 1045 2427 [aliquando]
1081 2376 1308 2416 nesciunt.

175 2513 209 2537 a.
244 2501 293 2537 cf.
327 2500 458 2546 Verg.
492 2500 599 2536 Aen.
633 2499 691 2535 VI
721 2499 792 2536 ‘276
824 2501 962 2547 turpis
996 2508 1179 2547 egestas,
1210 2502 1246 2538 V
1271 2503 1341 2539 358
1367 2503 1509 2549 turpia
1538 2503 1732 2539 membra
1759 2502 1870 2538 timo.

174 2576 215 2579 —
261 2555 401 2589 11—13
443 2553 734 2599 epimythium.
777 2553 843 2589 cui
885 2554 1023 2590 simile
1064 2556 1357 2602 promythium
1393 2556 1585 2592 eiusdem
1622 2555 1791 2592 fabulae
1828 2556 1867 2590 in

174 2618 212 2643 W
241 2607 297 2643 ΙΙΙ
323 2607 346 2642 3
373 2607 495 2643 aliter
521 2611 664 2642 tamen
690 2606 897 2652 scriptum
925 2612 1010 2643 est:
1028 2607 1113 2653 'Qui
1134 2619 1178 2643 se
1202 2608 1341 2644 sciunt
1364 2619 1453 2644 esse
1468 2608 1615 2654 felices
1642 2608 1751 2644 nulli
1763 2607 1870 2653 faci-

173 2662 249 2696 ant
274 2659 550 2705 (w22jmts1mt
574 2662 643 2697 Ἧι)
671 2658 884 2694 z'm'ttricml.
912 2659 1166 2705 dubiamque
1184 2661 1452 2697 meminerint
1465 2662 1673 2707 fortunae
1692 2661 1766 2698 <sic
1787 2671 1869 2706 ego

173 2712 321 2749 :Dum
360 2712 432 2749 via
470 2723 548 2758 qne
585 2712 829 2748 memineret
848 2712 1109 2756 ιῙὶινΐηηιιΐινιε
1141 2724 1194 2753 w)
1229 2724 1318 2749 esse
1350 2717 1516 2750 rotam.
1541 2715 1618 2751 sed
1652 2724 1761 2760 quae
1788 2714 1870 2760 epi-

172 2766 322 2812 mythii
354 2766 397 2802 in
431 2776 453 2802 a
480 2770 720 2813 supersunt.
749 2776 798 2801 ea
825 2765 970 2801 neseio
1000 2776 1053 2801 an
1081 2766 1134 2802 ad
1160 2766 1345 2803 Phaedri
1372 2767 1505 2813 ipsius
1532 2767 1666 2803 verba
1694 2767 1870 2813 propius

173 2819 391 2863 accedant,
417 2818 672 2866 praesertim
700 2828 797 2854 cum
817 2817 959 2854 fabula
978 2819 1181 2855 universa
1199 2819 1305 2855 haec
1324 2820 1367 2855 in
1388 2830 1410 2855 a
1430 2820 1562 2856 multo
1583 2820 1722 2855 minus
1742 2830 1869 2866 quam

172 2873 215 2908 in
241 2883 281 2908 W
307 2878 347 2909 et
373 2883 395 2908 r
422 2878 627 2919 corrupta
653 2872 718 2909 sit.
