2152 3229
767 180 855 221 Cap.
884 180 928 211 ΙΙ.
980 181 1035 211 De
1063 190 1204 221 genere
1231 188 1260 221 φ
1710 179 1869 206 XXXVII

170 284 443 324 orationem.
481 308 532 311 —
572 283 622 323 10
655 283 808 323 ezm'sit
838 296 917 323 ore
948 284 1009 324 P:
1030 285 1241 324 latiorem
1274 284 1425 324 emisit
1457 296 1510 324 a:
1530 284 1742 324 latiorem
1766 284 1869 324 emi-

168 355 233 394 sit
278 366 356 394 ore
403 355 446 395 D
473 355 592 394 :lato
642 367 721 394 ore
762 355 913 394 emisit
952 355 1123 395 HAYET
1156 355 1342 406 optime.
1377 355 1698 397 diasceuastes
1730 355 1870 405 igitur

169 426 244 465 ille
293 425 392 465 sive
440 427 562 465 male
605 426 805 476 legendo
841 432 886 465 et
919 437 1064 476 prave
1098 425 1451 476 interpretando
1485 426 1696 466 latiorem
1730 426 1869 478 scrip-

166 490 296 536 serat
343 496 442 536 sive
493 496 717 548 scriptum
764 496 1023 546 invenerat,
1072 503 1121 535 ut
1160 497 1452 536 substantivo
1486 497 1711 548 proximo,
1747 497 1870 548 quod

171 573 240 607 est
276 578 448 617 vocem,
489 567 710 618 attribuit,
745 567 856 606 item
888 567 934 606 in
967 578 1108 606 versu
1141 567 1166 606 S
1201 567 1492 607 substantivo
1526 579 1683 607 vocem
1718 567 1869 607 eidem

171 637 377 678 adiunxit
410 638 621 677 latiorem
654 637 878 687 inserens,
915 649 1002 688 quo
1036 637 1188 688 magis
1221 637 1307 677 sibi
1330 636 1428 688 ipse
1454 644 1704 678 constaret.
1742 638 1870 678 cuius

171 708 379 749 eiusdem
411 708 479 748 rei
513 709 775 759 exemplum
810 707 1046 748 subsimile
1078 708 1123 747 in
1146 707 1304 747 fabula
1327 708 1383 748 de
1409 719 1602 758 passere
1628 715 1672 748 et
1695 710 1869 759 lepore,

170 790 308 830 quam
356 791 397 830 p.
446 791 554 818 xxm
587 790 653 829 sq.
694 778 944 829 attulimus,
986 778 1249 818 edidit.ubi
1283 790 1388 817 cum
1420 790 1513 817 non
1545 779 1755 829 leporem
1788 778 1871 818 sed

170 849 371 901 aquilam
404 849 601 901 opprimi
632 848 835 899 iecisset,
870 856 1049 900 postea,
1084 861 1141 888 ne
1175 849 1260 889 sibi
1288 848 1388 899 ipsa
1410 849 1617 889 narratio
1642 860 1871 900 repugna-

167 926 252 970 ret,
276 932 369 960 non
391 921 599 972 leporem
623 920 706 960 sed
729 920 932 971 aquilam
954 927 1151 960 mortem
1178 932 1309 960 suam
1334 920 1526 960 alterius
1548 920 1737 960 interitu
1761 919 1872 960 fecit

169 991 503 1041 consolantem,
529 991 696 1031 eadem
719 990 1019 1031 absurditatis
1044 991 1320 1031 constantia.
1348 1015 1397 1019 —
1427 991 1452 1030 S
1475 991 1605 1030 nulla
1620 991 1758 1042 prior
1776 990 1872 1030 ales

158 1062 287 1112 soret
316 1062 350 1101 P
370 1074 378 1101 :
397 1062 528 1102 nulla
562 1062 722 1102 avium
750 1062 888 1113 prior
921 1063 1105 1102 adesset
1134 1062 1221 1102 tibi
1249 1074 1287 1102 a.
1323 1072 1351 1103 a
1383 1062 1506 1102 idem
1540 1061 1650 1102 dicit
1682 1061 1806 1112 quod
1828 1062 1870 1111 P,

168 1132 250 1172 sed
282 1133 328 1172 in
355 1144 620 1173 sermonem
643 1133 821 1173 saeculi
845 1132 988 1184 quinti
1011 1133 1225 1184 sextique
1250 1134 1540 1173 translatum.
1567 1157 1623 1161 —
1646 1135 1672 1171 5
1704 1132 1874 1183 Vulpes

167 1203 288 1243 hunc
335 1204 452 1243 vidit
497 1204 657 1243 deinde
700 1204 792 1243 sic:
822 1204 984 1255 Vulpis
1034 1205 1153 1243 lmnc
1201 1204 1319 1243 vidit
1364 1204 1527 1243 dehinc
1558 1204 1626 1243 sic
1657 1203 1733 1242 PR
1768 1214 1873 1242 cum

168 1274 303 1314 metri
342 1275 487 1314 ruina.
535 1275 657 1326 quod
689 1275 863 1315 indicat
898 1299 950 1302 —
985 1275 1030 1314 id
1064 1275 1187 1325 quod
1220 1286 1361 1326 supra
1394 1274 1593 1314 vidimus
1629 1298 1678 1302 -
1714 1286 1771 1313 ne
1806 1285 1873 1313 re-

170 1345 404 1385 censionis
437 1345 512 1385 PR
546 1345 731 1397 quidem
766 1353 1008 1386 auctorem
1043 1345 1283 1386 scandisse
1316 1345 1516 1385 Phaedri
1549 1345 1774 1385 senarios.

727 1542 947 1588 CANES
981 1542 1321 1588 FAMELICI.

483 1656 507 1681 a
538 1643 561 1679 ‘2
592 1652 671 1694 (φὶ)
1351 1638 1388 1677 (ἶ)
1421 1645 1436 1681 Ι
1468 1644 1515 1679 20
1547 1646 1579 1682 P

169 1728 240 1775 qui
266 1728 445 1765 consilio
469 1729 684 1764 inmaturo
703 1728 807 1764 illud
828 1739 984 1775 capere
1059 1727 1245 1764 Stultum
1279 1728 1508 1764 consilium
1541 1738 1625 1764 non
1660 1727 1788 1764 modo
1818 1727 1874 1764 ef-

288 1799 465 1845 eupiunt
498 1799 551 1835 ad
585 1798 698 1846 quod
732 1796 984 1845 pertingere
1177 1799 1290 1834 iectu
1325 1805 1467 1834 caret·

286 1880 371 1906 non
403 1875 592 1916 possent.

170 1968 383 1978 ........
1059 1941 1135 1977 sed
1184 1940 1239 1977 ad
1286 1940 1527 1988 perniciem
1561 1950 1731 1987 quoque
1764 1951 1875 1976 mor-

1175 2013 1282 2048 tales
1316 2011 1510 2048 devocat.

168 2080 344 2119 Corium
404 2083 658 2130 depressum
712 2084 753 2119 in
809 2083 983 2119 flumine
1059 2083 1225 2120 corium
1274 2082 1530 2129 depressum
1576 2082 1617 2118 in
1654 2082 1782 2118 fluvio
1815 2082 1874 2118 vi-

285 2153 488 2190 viderunt
521 2161 677 2191 canes·
1177 2154 1331 2190 derunt
1365 2163 1495 2190 canes

170 2234 297 2270 quem
344 2231 389 2260 ut
437 2225 662 2261 extrahere
697 2226 880 2262 celerius
914 2236 982 2272 po·
1058 2225 1101 2261 id
1135 2231 1179 2261 ut
1212 2234 1407 2261 comesse
1440 2229 1678 2260 extractum
1702 2228 1877 2270 possent

287 2295 481 2331 tuissent.
1177 2295 1348 2331 facilius

170 2375 327 2412 aquam
392 2372 598 2413 ceperunt
660 2367 854 2403 lambere
880 2397 886 2403 .
912 2366 982 2403 Sic
1058 2377 1215 2414 aquam
1255 2376 1438 2413 coepere
1470 2366 1623 2402 bibere
1656 2365 1731 2401 sed
1763 2365 1876 2411 rupti

288 2436 403 2482 rupti
1176 2438 1296 2484 prius

169 2512 352 2554 pereunt
414 2517 542 2554 quam
606 2507 719 2554 quod
771 2508 984 2554 petierant
1058 2508 1117 2544 ibi
1150 2508 1321 2555 periere
1354 2518 1483 2555 quam
1517 2507 1631 2554 quod
1664 2507 1877 2554 petierant

289 2578 542 2624 contingere
575 2572 824 2614 valuissent.
1179 2579 1491 2625 contingerent.

289 2691 610 2742 Promythium
650 2698 733 2741 est,
767 2698 816 2730 ut
849 2692 981 2741 solet,
1016 2691 1062 2730 in
1097 2703 1123 2730 a
1158 2691 1474 2742 epimythium.
1540 2690 1878 2730 Diasceuastes

172 2762 371 2802 Phaedri
420 2761 556 2802 soluti
605 2763 670 2812 (ῳ)
720 2773 812 2801 non
866 2761 1017 2811 magis
1050 2761 1183 2801 huius
1215 2760 1402 2801 fabulae
1437 2772 1576 2812 quam
1611 2767 1877 2800 ceterarum

172 2832 480 2884 paraphrasin
528 2831 795 2884 temptavit;
844 2843 1008 2871 verum
1055 2843 1139 2882 pro
1188 2831 1464 2882 antiquitate
1512 2832 1778 2881 verborum,
1828 2837 1877 2870 ut

174 2904 368 2955 solebat,
403 2904 460 2944 de
494 2915 710 2944 sermone
745 2901 913 2943 aetatis
946 2913 1057 2942 suae
1090 2903 1313 2942 nonnulla
1345 2901 1591 2942 substituit.
