2152 3229
263 127 434 155 LXXVIII
981 130 1256 170 Prolegomena

264 241 414 265 manus
443 238 481 265 et
508 230 593 265 iam
621 239 705 265 non
732 229 791 265 sis
817 230 1024 267 sollicitus
1052 247 1096 260 z
1124 241 1229 277 ages
1249 232 1349 268 mihi
1371 233 1534 278 gratias
1553 233 1587 269 si
1609 234 1903 271 ...tradidero
1923 241 1964 271 et

261 301 345 336 iam
366 311 450 336 non
471 300 556 336 eris
576 311 606 336 s,
628 321 670 324 —
691 300 920 337 Salvianus
943 300 991 337 G.
1014 301 1065 338 D.
1089 301 1145 337 ΙΙΙ
1167 304 1185 346 ξ
1211 302 1254 338 15
1274 313 1312 349 p.
1327 302 1383 339 27.
1404 303 1506 339 &isti
1529 303 1695 340 etiamsi
1717 305 1876 351 aliquid
1891 305 1962 342 ho-

261 381 355 407 rum
381 371 495 407 bona
522 370 604 407 fide
623 371 914 417 adimplerent,
932 372 1034 408 illud
1056 373 1218 419 absque
1238 373 1368 410 dubio
1383 375 1524 410 nullus
1543 374 1779 420 efficeret:
1794 376 1961 412 etiarnsi

262 472 267 477 .
289 472 294 477 .
317 441 621 487 adimplebunt,
651 471 656 477 .
678 443 853 478 .-nullus
881 442 1053 484 efficiet:
1082 442 1213 489 Greg.
1232 443 1332 480 Tur.
1350 444 1407 481 80.
1427 445 1449 480 6
1468 445 1640 491 quando
1661 445 1833 491 quidem
1852 428 1962 482 hanc

260 519 425 558 partem
453 512 526 548 tibi
561 512 713 548 misero
740 519 972 559 partesque
999 515 1254 550 coniunctae
1281 525 1414 550 unum
1440 515 1651 561 efficerent
1678 522 1735 548 (Ξ
1763 515 1967 554 efficientw

259 583 455 624 solidum,
487 590 587 619 tunc
620 589 663 619 tu
696 593 850 619 securo
891 584 1033 620 animo
1067 584 1109 620 in
1136 585 1319 630 patriam
1347 585 1577 631 repedabis,
1606 586 1684 622 103.
1711 587 1734 622 2
1760 596 1820 633 sq.
1848 586 1963 623 Ecce

258 661 380 700 pater
411 660 508 690 tuus
541 654 680 690 senuit
712 660 752 690 et
784 654 893 701 pede
921 654 1050 691 dibile
1078 656 1301 693 claudicat.
1328 657 1363 692 si
1389 656 1458 692 ille
1485 659 1732 702 moreretur,
1764 657 1839 694 tibi
1866 668 1983 704 regn,

258 735 360 761 nuni
393 725 645 761 reddebatur
670 742 713 754 z
742 725 774 761 si
810 726 879 761 ille
906 726 1125 766 morietur.
1155 726 1227 762 tibi
1255 737 1439 773 regnum
1467 727 1689 771 reddetur;
1716 727 1784 765 Ps.
1810 728 1961 765 Hiero·
1986 725 1992 731 “

258 806 414 841 nymus
451 796 564 832 hom.
605 796 659 832 ad
693 797 929 833 monachos
960 796 1031 832 314
1058 796 1128 833 Bc
1162 796 1206 834 si
1236 804 1378 834 autem
1413 808 1522 844 quae
1555 798 1660 835 ioris
1686 805 1784 835 sunt
1811 799 1892 836 deo
1920 806 1960 836 et

259 876 367 912 quae
406 867 518 903 intus
562 867 733 903 diabolo
773 867 932 911 demus,
969 878 1056 903 non
1094 868 1172 903 erit
1210 879 1347 915 aequa
1384 869 1537 914 portio,
1577 869 1860 915 dicereturque
1899 875 1958 907 (z

258 937 523 984 diceturque)
557 938 697 974 nobis:
737 949 898 974 *nonne
932 939 965 974 si
998 944 1115 974 recte
1148 938 1308 975 offeras
1342 946 1381 975 et
1413 950 1499 975 non
1528 946 1643 976 recte
1671 940 1838 976 dividas
1864 951 1960 987 pec·

259 1008 404 1044 (Ῥι.ςῖίἶ-·μ
473 1008 581 1045 Υίςῑ.
622 1008 704 1045 X'it.
744 1008 801 1045 ΙΙΙ
840 1010 887 1045 63
925 1009 958 1045 si
999 1009 1220 1055 disputare
1259 1009 1470 1046 nitebatur
1508 1010 1560 1047 de
1606 1010 1688 1047 fide
1733 1012 1960 1048 nobiscum

257 1079 444 1115 barbara
478 1080 680 1116 ferocitas
709 1087 748 1116 et
775 1080 940 1117 heresis
966 1080 1157 1117 Arsiana
1185 1081 1498 1117 rationabiliter
1523 1081 1761 1128 disputaret
1786 1111 1793 1117 .
1814 1111 1833 1122 .,
1861 1092 1960 1128 qua-

257 1160 302 1186 re
339 1150 448 1186 dolis
482 1158 521 1186 et
555 1151 1014 1196 calumniisegerzmt?
1064 1152 1181 1188 Idem
1221 1151 1277 1187 III
1309 1152 1356 1188 46
1389 1152 1510 1198 quasi
1544 1152 1703 1188 valeret
1741 1153 1958 1189 conscien-

256 1221 358 1257 tiam
392 1221 530 1267 ligare
564 1232 661 1258 cum
696 1232 880 1269 corpore
915 1230 986 1258 aut
1018 1233 1106 1259 non
1139 1222 1289 1258 tulerat
1321 1224 1392 1270 qui
1425 1223 1545 1259 audit
1575 1223 1761 1269 gemitus
1789 1233 1957 1270 compe-

257 1292 443 1328 ditorum
470 1309 513 1321 z
541 1294 663 1339 quasi
696 1294 837 1329 valeat
872 1323 905 1329 ..
941 1299 1012 1330 aut
1043 1304 1129 1330 non
1165 1294 1274 1330 adsit
1309 1295 1379 1341 qui
1414 1294 1559 1330 audiat
1586 1324 1620 1330 ..

373 1360 418 1399 in
467 1372 557 1411 quo
602 1372 778 1411 genere
825 1373 916 1400 non
962 1362 1111 1401 solum
1155 1361 1278 1401 modi
1312 1362 1565 1413 promiscui
1597 1361 1841 1412 notabiles,
1875 1362 1960 1402 sed

256 1431 396 1470 etiam
444 1442 555 1470 usus
602 1432 739 1471 latior
788 1439 833 1471 et
881 1431 1070 1472 liberior
1116 1432 1394 1483 imperfecti,
1430 1433 1553 1483 quod
1584 1433 1849 1484 ponebatur
1880 1434 1959 1472 vel

255 1501 498 1553 principali
545 1502 886 1552 significatione
935 1505 1011 1542 vel
1059 1514 1142 1554 pro
1175 1503 1415 1554 praesenti
1448 1503 1733 1543 coniunctivi
1764 1504 1841 1543 vel
1874 1515 1965 1555 pro·

255 1572 409 1612 futuro
442 1573 695 1613 indicativi.

373 1644 711 1684 indicativus
771 1644 1234 1695 interrogationis
1292 1644 1614 1685 indirectae.
1678 1659 1701 1684 a
1743 1648 1800 1684 37.
1835 1648 1878 1684 13
1904 1659 1964 1695 ip..

253 1717 312 1753 ¹22¹:
360 1719 555 1754 nesciunt
594 1718 695 1765 quid
734 1719 861 1755 futuri
906 1721 1008 1754 sunt
1039 1735 1083 1748 z
1119 1749 1152 1755 ..
1193 1719 1321 1755 futuri
1365 1719 1458 1755 sint.
1501 1740 1547 1744 —
1588 1719 1694 1755 Hist.
1737 1719 1955 1765 Apollonii

255 1800 288 1824 c.
318 1788 353 1824 Π
381 1800 418 1835 p.
451 1790 483 1825 4.
521 1790 535 1824 1
565 1789 601 1825 R
635 1790 670 1826 si
701 1790 916 1835 intellegis
943 1789 1247 1835 quodfacttmz
1280 1792 1363 1829 est:
1407 1790 1489 1826 Inc.
1525 1790 1577 1826 de
1611 1789 1756 1826 Const.
1791 1796 1831 1826 et
1863 1789 1955 1826 Hel.

258 1860 309 1895 10.
352 1860 394 1895 19
432 1860 569 1907 Heyd.
610 1862 694 1897 scis
735 1891 769 1897 ..
799 1862 982 1913 qualiter
1014 1861 1147 1897 filium
1175 1861 1361 1907 sltscepz',·
1389 1861 1620 1901 Iordanes:
1646 1862 1702 1897 76.
1740 1861 1782 1897 14
1807 1861 1958 1907 paucis

255 1942 507 1978 percurram
548 1934 641 1979 quis
675 1943 758 1979 quo
786 1939 964 1979 parente
991 1932 1162 1979 genitus
1188 1935 1270 1972 est:
1297 1931 1428 1978 Greg.
1456 1932 1554 1968 Tur.
1580 1932 1638 1968 58.
1664 1932 1712 1968 ‘23
1737 1932 1958 1968 meminiat

283 2032 288 2038 .
330 2010 515 2050 quantae
554 2010 724 2049 strages
752 2003 891 2048 fuere,
930 2014 1040 2050 quae
1079 2003 1251 2040 siccitas
1285 2003 1541 2049 oppresserit
1572 2003 1761 2043 humum,
1794 2001 1874 2038 280.
1913 2002 1956 2037 15

255 2075 448 2112 absculta
488 2074 588 2121 quid
628 2074 680 2110 de
720 2075 840 2111 caelo
879 2074 1085 2120 loquitur:
1124 2074 1232 2110 Vict.
1273 2073 1355 2110 Vit.
1395 2073 1453 2109 III
1490 2072 1537 2109 26
1569 2084 1655 2109 non
1686 2073 1812 2109 valeo
1846 2083 1955 2119 quae

254 2153 377 2192 gesta
413 2148 515 2181 snut
550 2146 764 2185 nuntiare:
798 2145 1018 2192 Peregrin.
1046 2146 1094 2181 43
1126 2145 1308 2181 dicimus
1340 2144 1464 2180 vobis
1498 2144 1668 2190 singula
1703 2154 1813 2190 quae
1851 2146 1953 2180 sunt

254 2219 348 2253 loca
387 2217 510 2256 haec:
550 2216 725 2252 Hieron.
764 2216 950 2252 Mareds.
984 2215 1041 2251 ΙΙΙ
1073 2215 1105 2252 2.
1139 2216 1172 2252 3.
1198 2215 1245 2251 ‘25
1270 2225 1355 2252 non
1389 2220 1529 2261 potest
1567 2225 1711 2251 sermo
1740 2216 1961 2262 explicare

255 2295 460 2334 quantum
498 2298 619 2323 mens
654 2287 839 2333 concipit.

372 2355 716 2414 indicativus⁹
738 2355 1010 2394 enuntiati
1034 2354 1353 2394 secundarii
1379 2354 1658 2394 orationis
1682 2353 1962 2404 obliquae..

256 2441 278 2465 a
309 2430 361 2465 18.
387 2429 411 2465 8
445 2439 504 2475 sq.
533 2439 582 2474 ÷p.
622 2429 677 2473 141>
705 2429 890 2473 rogabat
919 2459 924 2464 .
947 2458 952 2464 .
979 2429 1152 2464 veniam
1181 2429 1279 2475 quia
1305 2438 1391 2464 non
1422 2428 1642 2464 voluntate
1658 2427 1824 2472 fecerat
1847 2443 1892 2456 z
1920 2456 1953 2463 ..

255 2500 369 2546 quod
401 2511 486 2536 non
516 2501 735 2535 voluntate
762 2500 944 2544 fecisset,
971 2510 1011 2535 w
1040 2499 1055 2535 I
1081 2501 1114 2535 5.
1142 2500 1163 2535 4
1191 2502 1243 2545 sp.
1261 2499 1319 2543 48:
1342 2498 1566 2534 mandavit
1587 2508 1640 2534 ne
1664 2498 1746 2534 alio
1769 2498 1955 2544 aperiret

255 2571 369 2617 quod
403 2572 596 2606 clausum
629 2581 760 2617 super
793 2581 891 2606 eum
912 2570 1079 2615 jecerat
1103 2587 1147 2599 z
1176 2597 1210 2606 ..
1239 2570 1422 2607 fecisset.
1451 2590 1492 2593 —
1520 2569 1695 2605 Hieron.
1724 2567 1953 2605 Maredsol.

256 2641 369 2678 1112.
396 2641 454 2677 27.
487 2642 528 2677 1⁴2
567 2652 617 2677 ex
656 2641 976 2687 dispensatione
1013 2641 1095 2677 Dei
1127 2646 1229 2687 puto
1265 2641 1424 2676 iactum
1465 2650 1560 2676 esse
1593 2645 1637 2675 ut
1677 2638 1792 2685 quod
1829 2638 1954 2675 nobis

253 2712 452 2758 proderat
489 2712 530 2748 in
570 2712 721 2748 ordine
759 2712 1000 2758 exponendi
1040 2711 1167 2747 hodie
1206 2711 1462 2747 recitaretur
1500 2726 1544 2739 z
1583 2739 1618 2746 ..
1646 2709 1873 2756 prodesset
1900 2718 1953 2749 ..:

257 2783 472 2829 Peregrin.
511 2782 557 2818 39
596 2783 824 2829 episcopus
864 2783 1034 2824 rettulit,
1069 2793 1119 2818 eo
1153 2782 1269 2829 quod
1300 2781 1452 2822 Farao,
1481 2780 1652 2827 quando
1683 2779 1784 2815 vidit
1810 2782 1870 2823 (=
1896 2779 1953 2815 vi·

255 2853 386 2889 deret*
433 2854 546 2900 quod
590 2853 663 2889 filii
702 2853 835 2890 lsrael
874 2853 1122 2889 (limes-erant
1163 2863 1271 2894 eum,
1311 2859 1399 2888 tum
1438 2852 1507 2887 ille
1546 2851 1645 2887 isset
1684 2851 1817 2886 ‹illum
1853 2850 1961 2886 isse.
