2152 3229
364 177 454 208 Fab.
483 177 602 217 XXV,
628 178 765 209 XXVI.
816 178 893 210 Leo
919 184 1110 217 tyrannus.
1162 179 1304 219 Vulpes
1335 179 1370 209 in
1398 178 1591 209 hominem
1618 187 1730 208 versa
1844 165 1898 203 59

193 277 216 314 2
247 277 441 314 continuo
476 289 657 314 narrare
690 279 848 325 incipit,
884 290 978 326 app.
1010 280 1043 315 8.
1071 281 1093 316 9
1120 281 1189 316 ille
1215 279 1410 316 continno
1438 285 1643 315 exscreat.
1672 300 1715 303 —
1741 278 1787 314 20
1813 281 1895 313 ten-

194 330 294 367 tatis
319 331 440 367 venis
466 346 498 359 fv
526 333 557 365 Q
583 332 639 367 ΙΙΙ
670 332 722 369 10.
748 332 795 367 26
820 335 951 368 lentat
977 339 1113 379 caput,
1143 343 1236 379 app.
1266 332 1319 368 12.
1345 332 1368 368 2
1388 333 1561 375 1115111115)
1583 331 1758 367 tentavit
1778 331 1898 367 chor-

196 384 273 421 das
300 386 473 431 ungula.
500 406 543 410 —
571 385 623 421 ib.
651 386 821 421 tentatis
847 385 965 421 venis
990 404 1021 416 ω
1049 390 1081 422 Φ
1107 385 1166 422 IV
1195 386 1247 422 15.
1274 387 1296 422 9
1322 396 1455 422 venas
1481 385 1686 431 irrigatus
1712 391 1898 421 nectare.

196 458 239 462 —
266 436 308 472 21
337 437 541 473 suadetur
564 448 731 474 smnere
758 438 980 475 (suadendi
1008 440 1190 475 verbum
1216 450 1249 475 c.
1268 439 1492 478 infinitivo>
1511 455 1542 467 m
1563 440 1594 472 Φ
1613 437 1628 473 Ι
1647 438 1699 474 15.
1721 437 1902 473 osnade—

196 491 268 527 bat
299 491 419 527 asino
446 492 616 536 jngere.
650 513 696 516 ——
726 491 769 527 21
804 502 864 538 sq.
891 502 1058 528 sumere
1085 492 1227 528 cibum
1254 509 1285 521 ω
1313 496 1344 528 Φ
1370 491 1429 527 IV
1451 491 1487 527 3.
1514 491 1537 526 4
1562 491 1661 527 nolo
1698 491 1901 526 acerbam

196 546 356 589 (uvam)
388 554 564 580 sumere.
591 565 636 569 —
666 544 724 588 24,
755 544 802 580 ‘25
832 544 980 588 ignota
1008 551 1048 581 et
1073 544 1224 589 ignoro
1251 562 1282 575 ω
1311 549 1342 581 Φ
1367 554 1508 590 saepe.
1537 564 1580 567 —
1606 543 1653 579 22
1668 543 1900 588 fastidium

195 612 227 625 m
256 601 287 633 Q
313 597 370 633 ΠΙ
399 597 452 634 16.
482 598 525 633 13
550 609 600 645 sq
618 604 768 644 potare
795 604 859 634 est
885 599 1053 634 animus
1079 604 1228 634 nectar
1257 627 1286 634 ..
1308 598 1342 633 si
1363 596 1650 641 non-fastidis,
1669 596 1778 632 veni.
1796 617 1841 620 —
1858 595 1906 631 ⁴25

196 649 322 686 velim
349 667 393 680 z
419 652 517 687 volo
543 669 575 682 ω
603 655 635 687 Φ
661 651 697 687 ΙΙ
723 662 785 697 pr.
815 651 868 696 11,
896 651 952 687 III
978 661 1030 696 pr
1054 651 1110 687 48.
1142 671 1181 674 —
1209 651 1262 686 ib.
1290 651 1415 686 huius
1441 654 1572 695 sapor
1597 666 1628 678 »v
1657 653 1687 685 Q
1708 649 1765 684 ΠΙ
1788 649 1841 684 13.
1864 649 1906 684 10

196 708 350 749 sapoze
375 704 524 740 mellis.
551 726 595 729 —
621 704 668 740 26
694 704 792 740 bem
817 704 1058 748 loquens—
1014 730 1058 732 —
1085 704 1233 750 pulcre
1260 705 1439 750 loquens
1465 718 1496 731 ω
1524 706 1555 738 Φ
1583 713 1675 760 app.
1704 702 1760 738 30
1792 702 1833 737 10
1861 706 1906 738 tu

199 757 372 803 quidem
399 757 497 793 be’m
519 757 809 823 praedaas—
766 783 810 786 -
837 757 985 806 pulcre
1010 767 1072 803 pr.
1101 778 1137 780 —
1171 756 1420 802 ib.1apl'1‘m
1447 785 1477 792 ..
1503 756 1652 791 simius
1679 772 1711 785 ω
1740 759 1771 791 Φ
1805 765 1900 801 app.

196 810 230 846 8
257 811 279 845 7
316 810 437 846 miles
476 809 643 856 mpetu)
680 800 736 845 in
761 820 825 856 pr
828 815 1037 845 16101111111
1064 830 1110 834 —
1135 809 1279 845 statim
1307 826 1337 839 ω
1365 813 1396 845 Φ
1422 819 1562 855 51.16ρ6
1592 830 1635 833 —
1652 808 1698 844 27
1717 809 1898 855 regique

200 863 378 909 offeltm
401 881 433 893 m
462 866 493 898 Q
519 863 555 898 ΙΙ
583 873 643 909 pr.
674 863 716 898 15
743 862 948 898 modestis
975 863 1104 898 etiam
1131 863 1282 908 offerre
1309 862 1423 909 quod
1451 872 1532 898 non
1563 862 1770 908 petierint.

258 1075 446 1120 XXVI.
482 1038 756 1120 VVLPES
789 1074 852 1119 IN
887 1074 1203 1120 HOMINEM
1235 1073 1478 1119 VERSA.
1543 1077 1671 1116 M4⁷t12
1707 1077 1850 1116 restit.

203 1196 431 1237 Naturam
463 1203 648 1248 turpem
680 1197 806 1236 nulla
840 1195 1026 1236 fortuna
1059 1196 1251 1246 obtegit.

205 1268 471 1308 Humanam
505 1266 578 1320 [in]
615 1267 824 1318 speciem
859 1278 965 1306 cum
997 1267 1220 1307 vertisset
1252 1266 1456 1318 Iuppiter

209 1339 409 1390 Vulpem
444 1338 755 1391 [precantem],
790 1345 838 1378 ut
872 1338 992 1378 sedit
1024 1337 1245 1389 legitimis
1277 1343 1405 1387 toris,

207 1409 529 1450 Scarabaeum
561 1409 676 1449 vidit
710 1415 1041 1460 prorepentem
1076 1421 1135 1448 ex
1168 1410 1353 1459 angulo,

158 1494 173 1522 f
206 1481 469 1532 Notamque
505 1481 564 1520 ad
595 1480 822 1531 praedam
857 1479 999 1520 celeri
1026 1480 1246 1531 prosiluit
1279 1480 1441 1530 gradu.

206 1551 373 1603 Superi
405 1551 565 1598 risere,
600 1563 800 1602 magnus
835 1552 1017 1591 erubuit
1049 1558 1198 1602 pater,

207 1623 501 1673 Vulpemque
535 1621 829 1673 repudiatam
862 1622 1079 1662 thalamis
1113 1622 1302 1673 expulit,

206 1694 289 1734 His
322 1699 628 1744 prosecutus:
654 1692 801 1732 »Vive
836 1704 925 1743 quo
960 1693 1100 1743 digna
1135 1705 1185 1732 es
1217 1693 1368 1741 modo,

208 1764 327 1815 Quia
360 1764 501 1815 digna
534 1764 704 1803 nostris
739 1776 842 1803 esse
876 1763 1054 1804 meritis
1088 1775 1179 1803 non
1212 1770 1392 1815 potes».

207 1904 388 1940 vertisse
427 1909 471 1939 ut
508 1903 682 1949 vulpem
721 1913 900 1938 uxorem
939 1902 1125 1939 duceret.
1160 1913 1271 1943 nam.
1306 1902 1421 1949 quod
1448 1912 1498 1937 ex
1527 1901 1734 1947 cognatis
1763 1899 1916 1935 fabulis

208 1956 479 1994 Graecorum
505 1956 713 1998 videmus,
741 1955 820 1991 hac
848 1955 992 1992 fabula
1012 1956 1180 1992 narrari
1200 1956 1376 1996 solebat,
1397 1955 1626 1991 mustelam
1647 1960 1717 1990 aut
1738 1954 1916 1999 vulpem

208 2010 250 2047 in
277 2011 510 2046 humanam
538 2009 726 2055 speciem
755 2019 856 2045 esse
882 2019 1054 2045 versam
1084 2009 1215 2045 divini
1242 2009 1429 2045 numinis
1457 2008 1734 2053 benignitate.
1755 2007 1811 2042 ita
1833 2016 1917 2041 mu-

209 2065 314 2100 stela
342 2063 487 2099 ssabrii
515 2063 658 2098 fabula
683 2061 730 2097 3⁴2
757 2067 796 2097 et
831 2062 911 2098 fab.
937 2062 984 2098 88
1009 2062 1137 2098 Halm
1166 2063 1248 2098 ‹169
1276 2068 1316 2098 et
1342 2073 1379 2108 p.
1406 2062 1476 2097 356
1503 2060 1564 2097 C.
1598 2070 1782 2107 quarum
1803 2059 1917 2095 fabu-

209 2118 349 2153 larum
382 2122 445 2153 est
476 2117 741 2153 simillimum
768 2117 874 2153 huic
903 2122 1219 2162 argumentum,
1247 2125 1510 2162 quamquam
1540 2124 1754 2160 personae
1782 2113 1918 2148 diver-

212 2181 297 2207 sae.
332 2180 437 2216 quas
474 2171 588 2206 enim
625 2171 667 2207 in
698 2170 969 2206 Phaedriana
1002 2169 1082 2205 hac
1116 2169 1259 2204 fabula
1292 2174 1435 2215 partes
1463 2167 1661 2214 Iuppiter,
1690 2177 1763 2202 eas
1791 2166 1833 2201 in
1860 2165 1915 2201 ia-

212 2225 326 2261 bulis
353 2223 435 2259 illis
464 2224 634 2269 graecis
660 2223 825 2264 Venus:
853 2233 960 2270 quas
978 2222 1045 2258 hic
1065 2223 1227 2268 vulpes,
1248 2232 1321 2257 eas
1339 2221 1423 2257 11116
1443 2221 1625 2257 mustela
1644 2221 1789 2266 (pastam
1811 2228 1917 2265 quas

211 2278 278 2314 hic
311 2276 584 2318 scarabaeus.
611 2277 695 2312 illic
725 2287 820 2313 mus
850 2277 950 2322 agit.
977 2280 1040 2311 est
1067 2280 1209 2311 autem
1237 2275 1319 2310 alia
1347 2273 1559 2320 quaedam
1587 2273 1731 2309 fabula
1759 2282 1919 2317 graeca

215 2331 280 2367 149
295 2330 423 2366 Halm
437 2329 684 2376 (186Cj>,qua
703 2335 908 2366 narratur
922 2329 1110 2375 Iuppiter
1124 2329 1240 2375 vulpi
1256 2338 1440 2373 regnum
1456 2327 1689 2363 bestiarum
1705 2326 1918 2362 detulisse.

212 2390 257 2421 ut
277 2389 419 2420 autem
435 2382 701 2429 experiretur
715 2383 976 2418 retinereme
990 2383 1140 2428 vulpes
1155 2387 1324 2417 veteres
1340 2391 1484 2416 mores
1503 2380 1544 2415 in
1563 2390 1677 2415 nova
1697 2379 1915 2424 dignitate,

214 2439 361 2474 Iovem
390 2443 486 2472 ante
513 2437 662 2472 0611105
691 2436 815 2482 vulpi
841 2435 1009 2471 misisse
1035 2435 1332 2471 scarabaeum.
1361 2444 1488 2480 quem
1515 2440 1559 2469 ut
1579 2433 1815 2479 corriperet
1833 2432 1920 2467 vul-

214 2502 313 2538 pem
347 2489 500 2536 cupide
533 2489 795 2535 prosiluisse.
832 2488 947 2535 quod
974 2498 1106 2534 aegre
1133 2488 1294 2524 ferente
1322 2487 1434 2528 Iove,
1460 2487 1632 2533 vulpem
1661 2496 1798 2531 regno
1827 2495 1921 2521 esse

213 2544 442 2591 spoliatam
481 2548 521 2578 et
559 2542 781 2578 redactam
831 2541 884 2577 ad
920 2541 1145 2587 pristinam
1179 2540 1489 2577 condicionem.
1541 2539 1762 2575 Phaedrus
1790 2538 1922 2584 igitur

216 2595 382 2634 fabulas
416 2596 522 2632 duas
555 2605 738 2640 graecas
774 2594 1083 2634 contaminans„
1111 2599 1152 2630 et
1176 2595 1249 2629 tali
1278 2599 1535 2639 argumento
1564 2593 1689 2639 quale
1717 2598 1780 2627 est
1806 2591 1921 2627 iabu-

215 2645 281 2687 lae
317 2650 365 2686 188
402 2649 529 2685 Halm
575 2654 615 2684 et
653 2647 895 2683 Babrianae
925 2646 972 2682 32
1004 2657 1118 2686 usus.
1144 2657 1354 2692 personas
1388 2646 1481 2681 illas
1510 2646 1622 2681 Iovis
1650 2652 1690 2681 et
1716 2644 1855 2691 vulpis
1883 2650 1923 2679 et

215 2703 441 2741 scarabaei
468 2712 519 2738 ex
546 2702 693 2738 fabula
728 2700 793 2736 149
818 2700 868 2736 H.
896 2700 1087 2746 sumpsit,
1114 2706 1158 2735 ut
1176 2710 1254 2746 pro
1274 2699 1446 2734 Venere
1465 2698 1622 2743 Iovem,
1643 2709 1720 2744 pro
1742 2697 1922 2733 mustela

215 2758 401 2803 vulpem,
438 2766 517 2802 pro
560 2764 682 2791 mure
713 2753 998 2790 scarabaeum
1030 2752 1264 2788 induceret.
1292 2752 1449 2798 quippe
1475 2751 1578 2787 illud
1606 2755 1921 2796 argumentum,

219 2817 264 2848 ut
290 2816 441 2847 notum
470 2816 510 2845 et
537 2809 694 2849 tritum
720 2818 747 2842 x
753 2807 842 2842 arie
868 2805 1143 2842 tractabatur.
1172 2805 1287 2867 quod
1315 2803 1488 2850 quidem
1516 2804 1661 2840 tritum
1689 2804 1820 2839 fuisse
1848 2803 1920 2838 eti

220 2875 290 2900 am
316 2863 437 2908 xulgi
470 2861 755 2903 sermonibus,
781 2858 1011 2906 proverbia
1038 2860 1141 2903 Γαὶῆ
1164 2859 1342 2902 χιτώνιοι
1367 2862 1408 2891 61
1436 2858 1487 2892 Οὐ
1504 2859 1645 2901 πρέπει
1660 2857 1761 2900 γαλῇ
1781 2867 1924 2899 nymno-

220 2919 288 2952 τόν
314 2915 433 2952 Bodl.
461 2915 530 2951 277
557 2920 598 2951 61
623 2911 902 2950 2611001193
922 2908 1646 2955 (311151.1116116301.ρο51161110,(111111
1666 2907 1719 2943 ad
1737 2907 1846 2943 hanc
1868 2906 1922 2942 fa-
