2152 3229
171 2101 211 2131 10

845 196 934 236 Cap.
962 196 1006 227 ΙΙ.
1058 196 1114 227 De
1141 205 1282 236 genere
1309 204 1338 236 ῳ
1827 193 1934 220 xxlx

239 323 289 327 --
326 301 350 338 6
387 311 465 339 ore
497 299 668 339 omisso
693 300 950 340 orationem
977 299 1210 339 contraxit
1234 310 1275 340 a.
1302 322 1352 326 —
1378 301 1404 338 5
1427 310 1591 338 verum
1616 298 1662 348 Ρ,
1689 299 1821 338 531νο
1844 310 1934 338 me-

236 377 326 409 tro:
377 373 426 409 at
471 382 511 415 a,
557 381 648 420 qua
691 382 782 410 una
817 382 934 410 voce
968 370 1012 409 in
1047 369 1238 410 alterius
1270 371 1423 409 locum
1457 369 1703 410 substituta
1735 375 1934 409 metrum
1984 388 1987 390 -

236 440 424 480 corruit.
462 463 515 468 —
550 442 573 480 7
620 453 707 480 366
742 452 770 482 3
803 453 890 481 366
923 441 957 480 Ρ
990 442 1186 492 praebet
1220 452 1382 480 veram
1415 440 1677 491 lectionem,
1710 440 1794 479 sed
1830 452 1934 479 eon-

236 510 379 551 iuncti
427 511 678 551 conficiunt
726 512 812 551 sic:
862 512 952 551 Nec
995 524 1128 563 quem
1171 513 1355 562 petebat
1402 512 1513 550 adeo
1542 511 1697 562 potuit
1726 514 1932 560 tangere.

651 707 784 753 LEO
819 706 1148 752 PRAEDAM
1181 706 1527 752 PARTIENS.

554 821 577 845 a
612 810 635 846 9
669 809 748 859 (11³1)

237 892 481 940 Numquam
534 891 673 929 fidelis
728 903 825 928 6331
878 897 1050 939 potente

355 963 530 1000 sotietas
563 963 617 999 sit
651 958 911 1010 copulanda3

240 1177 385 1213 Vacca
419 1177 513 1213 ovis
547 1182 586 1212 et
623 1178 788 1223 capella
825 1207 951 1213 .....

237 1318 411 1355 obviam
465 1319 637 1354 fuerunt
691 1329 788 1354 6331
834 1319 960 1355 16036
1009 1319 1051 1355 13

356 1389 557 1432 53111035ς

239 1460 293 1496 Hi
328 1471 425 1496 cum
460 1461 676 1507 cepissent
709 1461 819 1497 vasti
855 1461 1049 1508 corporis

358 1542 535 1567 cervum
557 1538 562 1543 ·

237 1602 361 1638 factis·
384 1603 579 1649 partibus
602 1603 664 1638 516
691 1608 753 1638 651
772 1603 1024 1639 1063135160
1045 1610 1050 1615 ·

238 1673 331 1719 Ego
379 1674 562 1720 primam
614 1674 715 1709 tollo
748 1679 915 1719 partem
950 1674 1050 1721 quia

356 1745 560 1781 nominor
592 1745 686 1780 leo·

238 1814 485 1851 Secundam
509 1816 609 1862 quia
633 1826 726 1852 sum
748 1816 869 1852 fortis
890 1821 897 1827 ·
935 1846 1049 1852 .....

237 1957 363 1993 tertia
520 1957 621 2004 quia
673 1958 874 1994 omnibus
928 1958 1053 1994 vobis

361 2028 502 2075 magis
535 2029 685 2065 valeo·

237 2099 445 2144 Quartam
479 2099 550 2146 qui
584 2099 801 2145 tetigerit·
838 2100 951 2135 male
982 2110 1051 2146 pa-

356 2170 487 2206 tietur
507 2176 512 2182 ·

240 2239 397 2287 Sicque
444 2246 575 2277 totam
624 2240 833 2287 praedam
866 2251 944 2276 sua
977 2241 1051 2276 im-

357 2311 549 2357 probitas
582 2311 773 2348 defendit

1428 804 1639 844 ΦΙὸΡ

1125 891 1371 938 Numquam
1395 897 1457 927 est
1480 890 1620 927 fidelis
1645 901 1741 927 cum
1765 897 1937 938 potente

1243 962 1428 999 societas
1449 968 1454 974 ·

1124 1038 1305 1070 testatur
1338 1034 1445 1069 11366
1479 1033 1635 1069 fabella
1668 1033 1933 1080 propositum

1243 1115 1389 1141 meum
1412 1111 1416 1117 ·

1128 1187 1262 1212 vacca
1295 1180 1336 1212 et
1370 1176 1535 1222 capella
1569 1181 1609 1212 et
1642 1176 1810 1222 patiens
1844 1175 1937 1211 ovis

1246 1247 1433 1283 iniuriae

1126 1318 1231 1354 socii
1257 1318 1377 1354 fuere
1402 1328 1499 1354 6331
1523 1319 1647 1354 16036
1667 1317 1709 1353 13
1728 1317 1908 1353 531111135-
1929 1323 1934 1328 “

1126 1460 1179 1496 Hi
1227 1471 1325 1496 6331
1365 1460 1582 1507 cepissent
1616 1469 1793 1495 cervum
1829 1459 1937 1495 vasti

1244 1531 1438 1578 eorporis
1460 1537 1465 1543 ·

1128 1602 1190 1638 sic
1215 1606 1278 1637 est
1299 1602 1467 1638 1063135
1485 1601 1680 1648 partibus
1698 1601 1822 1637 136115
1841 1601 1908 1637 160
1929 1606 1934 1613 ·

1125 1672 1218 1719 Ego
1256 1673 1443 1719 primam
1475 1673 1576 1708 tollo
1606 1672 1806 1708 nominor
1839 1671 1938 1718 quia

1245 1745 1312 1780 leo
1333 1749 1339 1754 '

1127 1814 1364 1850 secundam
1394 1814 1494 1861 quia
1518 1824 1612 1849 sum
1637 1813 1758 1849 fortis
1780 1813 1938 1849 tribue-

1245 1875 1315 1921 tis¹
1333 1885 1437 1921 mihi
1459 1890 1465 1897 ‘

1127 1962 1217 1992 tum
1251 1956 1351 2003 quia
1374 1956 1470 2002 plus
1493 1956 1618 1992 valeo
1642 1966 1712 1991 me
1735 1960 1940 2002 sequetur

1244 2027 1371 2063 tertia
1392 2033 1397 2039 ·

1127 2098 1242 2134 Malo
1281 2097 1508 2134 adficietur
1541 2098 1575 2133 51
1610 2098 1706 2144 quis
1740 2103 1938 2144 quartam

1244 2169 1435 2215 tetigerit
1454 2175 1459 2181 ·

1126 2241 1189 2276 516
1222 2246 1355 2276 totam
1388 2239 1595 2286 praedam
1621 2240 1711 2275 sola
1736 2238 1937 2285 improbi-

1246 2316 1310 2347 tas
1345 2310 1545 2346 abstulit·

357 2423 673 2474 Promythium
705 2425 749 2464 in
785 2436 827 2474 a,
861 2431 909 2464 ut
942 2426 1074 2475 solet,
1110 2431 1180 2464 est
1204 2422 1520 2475 epimythium.
1553 2447 1609 2450 —-
1639 2423 1757 2462 11366
1781 2420 1939 2462 fabula

239 2494 283 2534 in
335 2505 362 2536 3
402 2501 647 2534 contracta
680 2502 725 2534 et
759 2495 1005 2535 decurtata
1039 2503 1109 2534 est
1142 2496 1326 2535 sublato
1359 2501 1458 2535 toto
1491 2506 1633 2534 versu
1666 2493 1691 2533 2
1726 2500 1771 2533 et
1804 2493 1939 2544 parti-

240 2567 324 2606 bus
372 2576 591 2605 versuum
640 2566 679 2615 3,
729 2566 768 2611 S,
803 2567 842 2605 9.
892 2577 946 2605 36
980 2577 1140 2605 rursus
1172 2565 1348 2605 inserta
1381 2564 1729 2616 interpolatoris
1763 2564 1937 2603 addita-

240 2644 416 2677 menta:
457 2637 471 2675 1
510 2636 573 2675 sit
604 2635 879 2687 copulanda,
916 2637 938 2675 7
968 2639 1167 2687 partem,
1203 2637 1228 2675 9
1262 2636 1476 2675 omnihus
1509 2636 1657 2675 vobis.
1694 2659 1746 2663 —
1784 2636 1805 2674 7
1832 2634 1938 2686 clusa

240 2708 457 2748 noum'nor
503 2707 570 2746 leo
620 2706 913 2746 21:1201111'1101‘
959 2706 1068 2757 quia
1115 2706 1183 2745 leo
1217 2707 1263 2755 P,
1298 2712 1544 2757 utrumque
1579 2706 1740 2746 vitiato
1774 2712 1936 2744 metro.

241 2779 314 2818 631
346 2778 503 2818 versui
537 2777 687 2817 exitus
720 2777 941 2817 reddetur
973 2776 1207 2827 legitimus
1236 2776 1272 2815 si
1295 2777 1486 2826 legeris:
1523 2809 1560 2817 ..
1596 2776 1812 2816 nominor
1834 2788 1938 2827 quo-

241 2849 366 2889 niam
415 2849 498 2889 leo.
549 2873 601 2877 —-
652 2848 974 2888 diasceuastes
1021 2847 1129 2886 dum
1177 2846 1332 2886 studet
1379 2848 1526 2886 verba
1559 2847 1745 2887 fabulae
1780 2846 1937 2886 facere

240 2932 353 2960 suae
388 2920 557 2960 aetatis
590 2919 791 2959 sermoni
825 2918 1059 2967 similiora,
1093 2906 1354 2957 locutiones
1388 2923 1433 2957 et
1466 2917 1831 2968 significationes
1863 2929 1939 2956 no-
