2152 3229
819 195 980 236 Cap.11.
1032 195 1087 226 ])e
1115 205 1255 236 genere
1282 204 1310 236 φ
1853 193 1913 220 XX*

218 299 415 349 vestigia
447 299 675 350 impressa
708 306 826 351 sunt,
861 299 943 339 sed
976 301 1079 350 plus
1112 300 1225 349 aliis,
1256 299 1357 339 aliis
1379 299 1541 339 minus.
1568 299 1697 338 cuius
1718 298 1787 338 rei
1811 311 1914 338 con-

217 377 429 422 spectum
468 371 643 410 dabunt
675 371 862 410 tabulae
896 371 1153 410 subiectae.
1187 371 1263 410 ubi
1296 370 1542 410 brevitatis
1575 382 1630 410 ac
1664 370 1913 422 perspicui-

215 441 325 482 tatis
357 453 502 482 causa
534 449 645 482 nota
677 453 825 492 genus
858 453 942 481 sua
975 442 1190 492 quodque
1224 441 1513 492 significabo.

334 510 373 548 Φ
404 532 447 545 z
481 513 721 553 Phaedrus
753 525 845 552 non
878 513 1069 552 solutus.

334 598 366 634 qr
400 603 444 616 z
477 584 716 623 Phaedrus
749 584 939 622 solutus.

453 669 503 709 <pl
538 674 582 687 z
614 653 856 693 Phaedrus
888 664 980 692 non
1013 653 1138 692 omni
1171 659 1303 704 parte
1338 654 1528 692 solutus.

453 740 504 779 ‘2⁹2
537 744 581 757 z
613 724 853 764 Phaedrus
886 724 1072 763 omnino
1106 725 1297 763 solutus.

333 809 365 833 π
393 814 438 828 z
470 795 708 835 Phaedrus
740 794 930 834 refictus
963 795 1039 833 vel
1072 794 1372 846 paraphrasis
1405 794 1617 833 Phaedri.

333 878 363 907 Χ
396 886 440 898 z
473 865 659 905 fabulae
695 865 901 905 auctoris
934 864 1113 905 incerti.

335 937 640 977 asteriscus
674 936 871 985 additus,
906 943 954 976 ut
988 934 1043 977 *a
1063 936 1130 977 ssw
1151 935 1213 986 *ἢ
1251 935 1692 976 contaminationem
1718 935 1916 975 Phaedri

216 1008 500 1059 alteriusque
534 1007 674 1047 fontis
706 1007 893 1047 indicat.

335 1079 465 1129 Quae
498 1086 636 1118 notae
671 1077 938 1118 referuntur
971 1078 1030 1118 ad
1063 1079 1147 1118 has
1181 1078 1495 1129 quaestiones.
1532 1076 1570 1115 Φ
1592 1078 1730 1128 igitur
1753 1077 1916 1117 maius-

218 1151 323 1190 cula
369 1149 600 1201 significat
638 1149 901 1189 Phaedrum
935 1149 1242 1189 Pithoeanum
1277 1149 1343 1199 (P)
1379 1156 1424 1189 et
1457 1149 1745 1188 Perottinum
1779 1147 1916 1202 (NV),

217 1224 248 1273 ip
297 1227 454 1261 autem
502 1227 548 1260 et
586 1232 618 1257 π
647 1227 693 1260 et
724 1232 755 1261 Χ
788 1226 894 1260 sunt
926 1227 1066 1260 notae
1100 1220 1360 1260 fabularum
1396 1220 1725 1271 prosariarum.
1759 1219 1916 1270 itaque

217 1307 247 1344 q<
295 1292 451 1332 littera
499 1291 758 1343 minuscula
791 1291 1024 1342 significat
1059 1303 1141 1331 eas
1173 1292 1356 1331 fabulas
1389 1302 1418 1332 a
1448 1302 1490 1332 w
1525 1302 1548 1332 ι’
1580 1290 1625 1330 in
1659 1291 1824 1342 quibus
1856 1290 1917 1330 in-

216 1370 321 1403 sunt
356 1370 486 1403 certa
519 1363 689 1403 indicia
722 1362 912 1413 originis
943 1362 1279 1413 Phaedrianae‚
1313 1375 1346 1400 π
1375 1368 1531 1402 autem
1554 1361 1813 1401 minuscula
1837 1373 1919 1401 eas

216 1434 398 1474 fabulas
444 1433 521 1474 ubi
569 1440 673 1473 sunt
707 1433 907 1484 vestigia
941 1431 1171 1485 quaedam
1205 1433 1311 1474 talis
1344 1433 1548 1484 originis,
1583 1433 1665 1473 sed
1699 1433 1918 1482 ambigua

218 1518 273 1546 ac
322 1517 472 1556 paene
521 1505 802 1545 oblitterata.
852 1516 1045 1555 quarum
1094 1505 1388 1545 Phaedriana
1433 1504 1565 1555 origo
1600 1503 1793 1555 agnosci
1826 1515 1918 1543 non

216 1582 376 1628 posset
422 1576 507 1616 nisi
557 1582 773 1616 extarent
806 1576 926 1616 inter
958 1575 1142 1616 fabulas
1176 1573 1214 1612 Φ
1247 1581 1325 1615 aut
1358 1590 1390 1626 cp
1425 1587 1509 1615 eae
1544 1575 1731 1614 fabulae
1767 1586 1793 1614 a
1827 1574 1919 1626 qui-

217 1649 303 1688 bus
334 1647 606 1687 viderentur
638 1647 866 1698 originem
900 1647 1087 1687 ducere.
1139 1652 1375 1698 postremo
1409 1658 1439 1687 Χ
1472 1645 1703 1697 significat
1736 1645 1920 1685 fabulas

217 1718 393 1758 dubias.
443 1729 639 1770 quarum
688 1717 883 1757 aliarum
929 1718 1065 1757 aliter
1105 1730 1154 1758 se
1188 1730 1265 1757 res
1297 1718 1453 1758 habet.
1488 1723 1593 1757 sunt
1628 1717 1749 1756 enim
1782 1716 1828 1756 in
1862 1728 1918 1756 eo

217 1801 411 1829 numero
444 1789 708 1829 fabularum
740 1800 771 1830 Χ
804 1774 861 1829 de
895 1788 1060 1840 quibus
1090 1789 1295 1829 dubitem
1319 1788 1470 1828 sintne
1495 1800 1645 1828 necne
1670 1787 1918 1839 paraphra-

217 1873 293 1901 ses
340 1860 551 1911 Phaedri,
600 1867 649 1900 ut
694 1860 853 1900 fabula
887 1872 913 1900 a
945 1862 1000 1900 59
1035 1872 1057 1899 r
1089 1859 1153 1900 IV
1198 1860 1248 1899 12
1282 1860 1339 1899 de
1373 1859 1522 1899 leonis
1554 1859 1779 1910 spelunca
1813 1865 1859 1898 et
1893 1870 1917 1897 a

216 1931 271 1971 52
304 1943 326 1971 1·
356 1931 422 1971 IV
462 1932 509 1971 17
544 1932 601 1971 de
635 1930 819 1971 homine
854 1937 900 1970 et
932 1932 1069 1971 leone
1108 1931 1303 1971 aemulis
1336 1930 1574 1982 dignitatis
1607 1936 1653 1970 et
1682 1942 1709 1970 a
1731 1931 1785 1969 56
1810 1941 1832 1968 r
1854 1929 1918 1969 IV

224 2003 272 2043 19
316 2003 372 2042 de
420 2002 616 2042 formica
651 2008 695 2042 et
730 2002 906 2042 cicada.
942 2002 998 2042 de
1034 2002 1199 2053 quibus
1232 2001 1450 2042 iudicium
1484 2001 1765 2041 sustinemus
1798 2000 1918 2052 quod

217 2086 305 2114 nec
353 2073 397 2113 in
443 2073 482 2113 Φ
528 2085 616 2113 nec
665 2073 710 2113 in
743 2088 775 2124 q*
810 2074 921 2113 talia
953 2079 1232 2124 argumenta
1265 2073 1528 2113 fabularum
1564 2078 1738 2112 extant.
1773 2083 1918 2123 quare

217 2144 470 2184 diiudicare
518 2156 611 2184 non
655 2156 844 2196 possum
878 2144 1030 2184 sintne
1065 2145 1380 2195 paraphrases
1412 2143 1611 2183 Phaedri
1645 2155 1704 2183 an
1737 2144 1794 2183 ab
1829 2142 1919 2182 alio

217 2215 344 2255 fonte
378 2209 622 2255 manarint.
656 2215 748 2255 iam
782 2227 895 2255 vero
928 2222 1040 2255 nota
1072 2227 1102 2256 Χ
1136 2215 1368 2266 significat
1401 2214 1502 2254 illas
1530 2226 1713 2265 quoque
1737 2213 1920 2253 fabulas

219 2297 413 2338 quarum
446 2293 724 2337 argumenta
757 2292 918 2327 extant
949 2286 1087 2326 etiam
1113 2286 1158 2326 in
1181 2301 1213 2338 φ
1238 2293 1316 2326 aut
1339 2286 1384 2326 in
1408 2283 1446 2322 Φ
1467 2286 1550 2325 sed
1574 2284 1760 2325 diverso
1783 2284 1919 2324 modo

217 2362 433 2397 tractata.
484 2357 613 2396 cuius
654 2357 841 2407 generis
874 2369 993 2409 quae
1028 2364 1148 2407 sunt,
1184 2369 1268 2397 eae
1302 2357 1517 2397 nimirum
1551 2368 1643 2396 non
1676 2355 1920 2395 ducendae

219 2434 335 2486 sunt
355 2428 399 2467 in
435 2427 747 2485 Phaedrianis.
781 2435 1020 2479 postremo
1054 2435 1159 2468 sunt
1193 2428 1379 2469 fabulae
1405 2439 1524 2479 quae
1549 2439 1574 2467 a
1597 2426 1796 2466 Phaedri
1819 2432 1919 2465 arte

219 2505 264 2538 et
311 2497 499 2549 ingenio
548 2497 611 2538 ita
649 2498 820 2538 distent
853 2505 901 2538 ut
934 2511 1025 2539 non
1059 2499 1236 2550 possint
1269 2500 1377 2550 poni
1409 2499 1455 2538 in
1487 2497 1803 2538 Phaedrianis.
1838 2496 1920 2536 sed

218 2570 336 2609 haec
370 2568 523 2608 omnia
555 2568 822 2619 singillatim
856 2581 1092 2620 exponere
1127 2577 1197 2610 est
1230 2581 1451 2621 magnum
1483 2569 1650 2609 librum
1674 2567 1920 2608 scribentis

219 2641 274 2679 de
309 2640 476 2680 fabulis
509 2639 730 2691 prosariis
764 2639 988 2679 omnibus.
1025 2641 1082 2679 ad
1116 2652 1232 2691 quas
1265 2640 1564 2692 quaestiones
1598 2651 1716 2691 quae
1741 2645 1919 2690 specta-

218 2712 329 2751 bant
362 2711 583 2750 nonnulla
618 2709 1011 2750 commentatione
1035 2722 1141 2750 mea
1164 2708 1344 2761 priore1
1372 2711 1580 2751 breviter
1602 2711 1777 2761 scripta
1800 2716 1918 2749 sunt.

219 2782 306 2821 hoc
351 2787 507 2821 autem
548 2781 664 2821 libro
712 2782 768 2821 de
813 2781 980 2821 fabulis
1018 2782 1206 2831 generis
1244 2795 1275 2831 φ
1314 2781 1604 2832 potissimum
1638 2780 1917 2831 quaerimus.

338 2876 348 2894 ¹
377 2874 530 2909 Comm.
549 2874 564 2908 Ῑ
591 2890 635 2902 Ξ
662 2879 717 2909 De
737 2878 941 2918 generibus
962 2884 996 2908 et
1016 2877 1118 2908 libris
1137 2878 1424 2917 paraphrasium
1444 2877 1776 2908 Phacdrianarum.
1812 2877 1917 2907 Lund

224 2937 324 2968 1897.
