2152 3229
200 132 309 160 XLIV
910 132 1185 172 Prolegomena

202 243 320 278 illurn
355 241 549 278 consumi
584 251 607 276 a
640 241 754 276 malo
787 254 831 267 z
864 240 943 276 hac
977 240 1122 277 fabula
1155 240 1368 287 probatur·
1395 239 1590 276 consumi
1623 239 1755 281 malo:
1792 249 1812 275 r
1845 238 1902 275 IV

202 314 269 349 ⁴20.
311 313 325 348 1
364 323 402 358 p.
439 313 492 348 08
525 311 652 347 1101110
686 311 824 347 malus
858 311 1013 347 multos
1046 310 1187 357 perdit
1220 316 1260 346 et
1292 310 1384 357 ipse
1417 310 1534 346 solus
1566 309 1677 356 perit
1699 324 1743 337 =
1767 310 1907 346 malus

201 384 443 429 multosque
474 381 615 428 perdit
648 386 689 417 et
721 382 838 418 solus
871 381 994 428 perit,
1029 381 1084 417 ib.
1123 381 1145 417 4
1181 381 1248 417 cui
1283 386 1433 417 contra
1465 381 1597 417 telum
1630 391 1697 416 me
1729 380 1905 427 quidem

202 464 312 490 unus
360 463 442 499 ego
490 462 596 488 vero
635 453 791 489 multos
824 466 868 479 z
903 452 969 488 cui
1015 457 1163 489 contra
1201 453 1352 488 telum:
1398 461 1493 487 »1116
1531 461 1655 498 1111115,
1689 452 1766 488 sed
1799 451 1906 487 mul-

204 531 268 561 tos
303 534 429 570 ego».

321 589 472 640 Saepe
522 601 636 629 vero
685 595 886 629 metrum
935 590 1137 629 solutum
1187 595 1256 629 est
1306 596 1357 628 et
1406 587 1596 628 ordine
1638 594 1690 628 et
1730 588 1908 628 verbo

207 661 467 700 verbisve
502 660 742 700 mutatis.

321 747 344 772 a
379 735 445 772 20.
487 737 502 772 1
540 747 579 783 p.
616 744 708 771 xxv
741 746 795 772 ne
828 736 959 772 libeat
993 736 1174 783 gloriari
1209 746 1425 783 quemque
1459 735 1585 771 bonis
1609 734 1763 770 alienis
1787 748 1831 761 z
1854 743 1910 770 ne

203 808 383 854 gloriari
433 807 565 843 libeat
612 807 766 843 alienis
805 807 930 843 bonis
964 807 1009 853 P,
1045 807 1100 843 ib.
1142 807 1191 843 15
1225 817 1263 853 p.
1300 810 1407 841 XXVI
1441 816 1521 842 nec
1554 805 1672 841 illam
1707 809 1911 852 expertus

204 878 511 915 contumeliam
544 878 700 914 fuisses
733 893 777 905 ———
809 888 890 914 nec
924 878 1042 914 illam
1077 883 1278 925 expertus
1313 887 1432 913 esses
1467 876 1775 912 contumeliam
1800 875 1852 918 P;
1884 886 1909 912 a

205 950 241 985 7.
286 949 298 984 1
340 960 378 996 p.
414 957 556 984 XXVIII
590 949 661 996 qui
696 949 799 985 dum
833 949 975 985 aliena
1009 954 1222 996 quaerunt
1254 948 1430 995 propria
1465 947 1730 983 amittunt:
1755 946 1910 982 amittit

206 1019 361 1063 [merito]
393 1020 618 1066 proprium
642 1020 714 1068 qui
737 1020 928 1056 alienum
953 1020 1115 1067 adpetit
1139 1019 1185 1063 Ρ,
1212 1017 1267 1055 ib.
1289 1019 1312 1056 2
1331 1029 1428 1055 611111
1449 1018 1568 1054 631115
1583 1028 1715 1064 super
1729 1017 1909 1053 fluvium

205 1101 382 1127 carnem
427 1091 558 1127 ferret
590 1105 632 1118 Ξ
669 1091 789 1127 631115
834 1101 912 1138 per
946 1091 1105 1127 flumen
1141 1101 1318 1126 carnem
1351 1089 1453 1126 dum
1487 1090 1619 1126 ferret
1658 1089 1814 1130 [natans]
1854 1087 1909 1131 P;

204 1173 227 1198 a
262 1162 298 1197 9.
337 1162 359 1197 9
394 1173 432 1208 p.
469 1170 578 1197 XXIX
611 1159 749 1198 tertia
770 1163 871 1210 quia
904 1162 1106 1199 omnibus
1140 1161 1264 1198 vobis
1298 1161 1439 1207 magis
1472 1161 1597 1197 valeo
1627 1174 1671 1187 =
1694 1165 1785 1196 tum
1809 1159 1911 1206 quia

203 1234 299 1279 plus
346 1234 471 1269 valeo
519 1234 589 1274 [me
632 1233 823 1277 sequetur]
872 1233 1011 1279 tertia,
1054 1233 1109 1269 ib.
1151 1234 1199 1268 10
1235 1237 1433 1279 quartam
1467 1231 1539 1278 qui
1573 1230 1764 1277 tetigerit
1797 1229 1911 1266 male

204 1304 390 1351 patietur
422 1319 466 1331 Ξ
500 1305 613 1340 111310
647 1303 874 1340 adficietur
906 1304 941 1340 si
976 1304 1072 1351 quis
1107 1309 1304 1350 quartam
1337 1302 1549 1349 tetigerit3
1585 1313 1609 1338 a
1643 1302 1680 1337 3.
1712 1301 1726 1337 1
1754 1311 1793 1347 p.
1819 1307 1911 1334 xxx

204 1376 331 1422 lupus
379 1380 419 1411 et
461 1385 602 1421 agnus
645 1374 698 1411 ad
732 1375 875 1411 rivum
908 1380 1123 1411 venerunt
1156 1389 1200 1402 z
1234 1373 1288 1410 ad
1322 1374 1465 1409 rivum
1498 1373 1682 1414 [eundem]
1711 1373 1837 1418 lupus
1871 1375 1912 1407 et

206 1455 346 1493 agnus
378 1452 601 1491 venerant,
636 1446 692 1482 ib.
731 1446 755 1482 8
790 1445 892 1482 dum
927 1457 950 1482 a
982 1453 1023 1482 te
1047 1446 1189 1492 liquor
1212 1444 1451 1481 decurrens
1475 1443 1530 1480 ad
1552 1453 1698 1480 meum
1722 1453 1770 1479 os
1792 1442 1912 1478 venit

205 1531 248 1544 z
283 1528 306 1552 a
345 1523 385 1552 te
428 1517 620 1553 decurrit
669 1517 723 1553 ad
772 1527 892 1554 meos
926 1517 1105 1553 haustus
1138 1517 1299 1563 liquor;
1335 1526 1358 1552 3
1393 1516 1460 1551 57.
1500 1515 1515 1551 1
1554 1525 1593 1561 p.
1629 1521 1737 1548 xxxl
1770 1513 1910 1550 stultis

206 1589 277 1634 qui
323 1588 405 1624 sibi
445 1599 530 1624 non
570 1593 723 1624 cavent
764 1593 803 1624 et
837 1588 933 1624 aliis
968 1588 1198 1624 consilium
1232 1587 1334 1624 dant
1368 1601 1411 1614 =
1445 1586 1528 1623 sibi
1561 1596 1647 1622 non
1681 1594 1837 1621 cavere
1871 1589 1912 1620 et

206 1660 301 1695 aliis
336 1659 564 1695 consilium
599 1659 703 1695 dare
725 1652 727 1709 j
748 1660 926 1695 stultum
960 1669 1057 1695 esse
1193 1659 1215 1694 4
1250 1668 1312 1705 sq.
1347 1665 1456 1692 xxxl
1490 1668 1552 1704 sq.
1591 1687 1626 1694 ..
1662 1656 1736 1693 ubi
1769 1655 1912 1702 perni-

209 1731 314 1766 citas
336 1763 337 1767 ,
359 1737 431 1766 tua
466 1736 529 1767 est
563 1736 603 1766 et
636 1741 713 1766 cur
745 1730 806 1766 sic
835 1729 968 1777 pedes
999 1735 1225 1766 cessarunt
1247 1744 1291 1756 -—-
1317 1759 1322 1765 .
1346 1755 1352 1762 .
1379 1729 1477 1765 »ubi
1500 1727 1736 1775 pernicitas
1758 1720 1761 1775 J
1786 1725 1907 1770 [nota›

207 1805 323 1845 inquit
357 1805 447 1846 »11131
481 1802 567 1838 est?
601 1801 703 1848 quid
738 1802 795 1837 ita
829 1807 1054 1837 cessarunt
1078 1800 1258 1847 pedes?»
1288 1811 1311 1836 a
1336 1799 1403 1835 32.
1431 1799 1454 1835 6
1478 1810 1516 1846 p.
1545 1806 1683 1833 XXXIII
1704 1807 1783 1845 per
1806 1806 1915 1844 quas

208 1873 430 1919 sacrilegii
463 1873 601 1908 lueret
633 1882 796 1919 poenas
819 1886 863 1899 z
886 1881 1049 1918 poenas
1082 1876 1127 1907 ut
1160 1876 1336 1907 sanctae
1368 1869 1573 1916 religioni
1605 1868 1827 1916 penderet,
1853 1867 1910 1904 ib.

214 1944 258 1979 11
308 1943 436 1979 trivio
477 1948 702 1979 contentus
736 1948 775 1978 et
808 1943 851 1978 in
885 1942 1150 1979 stercoribus
1184 1941 1392 1978 educatus
1424 1956 1469 1968 z
1500 1940 1629 1977 trivio
1662 1944 1911 1986 conceptus,

209 2014 416 2050 educatus
449 2020 654 2059 stercore,
690 2024 713 2050 3
747 2013 815 2050 22.
858 2014 871 2049 1
909 2024 948 2060 p.
984 2021 1122 2048 xxxlv
1156 2013 1227 2060 qui
1261 2023 1307 2049 se
1341 2012 1568 2048 committit
1590 2011 1817 2047 tutandum
1842 2010 1910 2046 ho-

209 2085 314 2121 mini
353 2100 397 2112 z
438 2085 509 2132 qui
549 2095 595 2121 se
635 2084 862 2121 committit
900 2084 1063 2120 homini
1102 2083 1329 2120 tutandum
1368 2081 1579 2129 [improb0]‚
1615 2083 1638 2119 3
1683 2081 1913 2119 columbae

210 2166 307 2192 cum
341 2166 514 2203 semper
547 2156 748 2203 fugerent
779 2170 823 2183 z
858 2155 1086 2192 columbae
1120 2165 1251 2201 saepe
1285 2165 1383 2190 cum
1416 2154 1632 2201 fugissent
1667 2153 1861 2199 [miluum],
1887 2153 1911 2188 6

210 2235 250 2263 et
289 2237 428 2273 genus
467 2227 682 2263 incertum
723 2226 893 2273 decepit
932 2227 1012 2262 hoc
1046 2225 1174 2262 modo
1207 2240 1250 2253 Ξ
1286 2231 1326 2261 61
1359 2235 1498 2271 genus
1532 2225 1700 2261 inerme
1732 2224 1807 2260 tali
1841 2223 1911 2260 de-

211 2298 323 2344 cepit
362 2297 472 2343 dolo,
508 2298 532 2333 8
573 2308 650 2334 cur
688 2308 757 2334 me
796 2308 881 2334 non
921 2297 1082 2344 eligitis
1114 2302 1240 2343 pacto
1274 2295 1461 2333 foederis
1494 2295 1672 2343 regem?
1703 2309 1748 2323 =
1782 2304 1912 2342 quam

209 2379 361 2415 regem
401 2379 469 2404 me
510 2369 667 2404 creatis
706 2369 789 2405 icto
829 2368 1018 2413 foedere,
1071 2367 1119 2403 12
1155 2373 1195 2404 61
1228 2367 1282 2403 ad
1316 2367 1548 2414 imperium
1581 2366 1725 2403 saevis
1758 2365 1913 2412 ungui-

210 2440 291 2475 bus
325 2450 532 2475 exercere
565 2454 609 2467 z
643 2444 683 2475 et
716 2449 922 2475 exercere
955 2439 1187 2485 imperium
1221 2438 1366 2474 saevis
1398 2437 1634 2485 unguibus,
1674 2437 1723 2473 13
1753 2446 1839 2473 una
1862 2446 1914 2472 ex

208 2492 400 2557 reliquis.
450 2510 512 2546 516
545 2510 699 2546 11161110
733 2510 877 2556 agitur
909 2524 953 2537 z
990 2510 1100 2550 [tunc]
1146 2509 1199 2546 de
1242 2509 1419 2545 relicuis
1451 2519 1564 2545 una:
1590 2508 1769 2544 »merito
1801 2507 1912 2554 plec-

209 2582 388 2626 timur»3
424 2592 448 2617 a
481 2580 549 2618 28.
585 2582 609 2617 5
643 2592 681 2627 p.
716 2588 842 2615 xxxv
875 2581 947 2616 illa
980 2581 1170 2626 negabat
1203 2590 1250 2617 se
1283 2591 1369 2617 non
1393 2590 1489 2616 esse
1512 2589 1633 2615 ream
1657 2593 1701 2607 =—-
1724 2577 1914 2625 negabat

212 2652 284 2687 illa
332 2662 378 2687 56
426 2662 521 2688 6556
570 2653 723 2698 culpae
764 2651 1025 2698 proximam3
1066 2663 1089 2687 a
1128 2652 1191 2687 15.
1227 2652 1250 2687 3
1285 2662 1323 2698 p.
1360 2658 1502 2686 xxxvl
1536 2659 1692 2687 corvus
1726 2659 1824 2684 cum
1858 2647 1912 2684 de

212 2723 401 2758 fenestra
433 2728 573 2769 raptat
607 2733 783 2759 caseum
816 2737 860 2750 Ξ
894 2733 992 2758 cum
1026 2722 1079 2758 de
1112 2722 1301 2758 fenestra
1335 2731 1492 2758 corvus
1524 2726 1695 2767 raptum
1721 2729 1911 2764 caseum,

214 2794 269 2829 ib.
317 2794 341 2827 ἶ)
386 2793 528 2840 vulpis
566 2794 679 2830 hunc
719 2804 816 2829 cum
858 2793 1007 2829 fuisset
1040 2793 1193 2829 intuita
1225 2793 1288 2829 516
1321 2791 1480 2839 alloqui
1514 2791 1655 2838 coepit
1686 2805 1731 2818 z
1762 2790 1914 2836 vulpes

213 2865 325 2900 hunc.
359 2864 478 2908 vidit,
514 2863 669 2901 deinde
701 2865 763 2901 sic
788 2865 928 2911 coepit
950 2864 1080 2911 loqui,
1107 2864 1130 2900 6
1155 2875 1179 2900 0
1203 2864 1299 2911 quis
1321 2868 1494 2899 tuarum
1518 2872 1648 2899 corve
1670 2870 1913 2908 pennarum
