2152 3229
260 151 286 178 L
970 147 1248 185 Prolegomena

261 260 420 297 monita
470 261 651 300 [nolentes
687 258 824 295 audire}
859 255 1088 292 consilium
1137 258 1248 290 wat
1291 262 1402 299 quae
1435 257 1693 297 respuerunt
1727 250 1887 288 monita
1920 256 1962 286 et

245 330 489 378 ,consilium
524 341 616 374 ego,
652 338 673 363 r
705 327 763 363 iv
795 326 832 362 6.
870 327 882 362 1
915 323 969 372 (p.
997 322 1069 370 64)
1097 326 1290 367 [Parentes
1317 326 1376 357 vel
1404 322 1528 365 amici]
1553 322 1625 368 qui
1649 321 1731 358 sibi
1754 332 1839 358 non
1864 332 1960 358 con-

262 402 448 438 sentiunt
485 400 591 443 [bene
619 398 727 441 male]
771 398 1000 443 intereunt,
1035 396 1058 432 2
1083 406 1145 443 sq.
1164 395 1387 439 Verveces
1415 392 1476 437 [in]
1503 393 1685 429 collectu
1708 394 1803 433 [cum
1836 402 1961 428 essent

262 476 370 507 simul
398 471 492 510 euml
535 469 755 511 arietibus,
800 468 961 504 lanium
1002 467 1113 516 inter
1146 476 1193 502 se
1226 465 1388 502 intrare
1424 463 1725 507 [cognoscentes]
1764 463 1962 500 dissimu-

261 545 459 579 laverunt
507 543 558 582 [se
587 542 723 579 videre!
769 537 1111 574 rtVervecibus
1160 535 1351 573 collectis
1390 533 1541 571 sociati
1581 533 1739 570 arietes
1773 533 1884 570 inter
1915 544 1964 570 se

263 615 423 650 intrare
457 612 619 648 lanium
654 611 1038 647 dissimulaverunt
1062 620 1154 655 ego,
1186 608 1234 643 10
1258 610 1310 654 (p.
1339 607 1406 647 66)
1425 619 1521 645 cum
1544 606 1691 650 [etipse
1712 604 1895 649 similiter]
1916 615 1965 641 se

261 686 371 722 trahi
416 684 583 721 videret
622 682 699 725 [sic]
743 681 903 718 dixisse
934 681 1048 717 lanio
1080 679 1249 725 dicitur,
1283 679 1332 715 16
1368 680 1552 724 [capitinis
1569 677 1803 724 impulsibus]
1837 686 1964 724 quas-

264 762 401 793 satum
437 742 792 800 confractumque
826 764 911 789 non
944 751 1195 797 occidimus,
1230 750 1289 786 IV
1322 750 1389 787 20.
1417 751 1439 787 4
1475 749 1529 798 (p.
1567 748 1638 797 68)
1675 761 1743 788 me
1789 748 1964 793 [quidem]

265 838 385 864 UnUS.

383 892 579 933 Phaedri
628 891 768 931 dictio
817 890 903 930 etsi
952 890 1209 941 propinqua
1254 896 1299 929 et
1333 897 1537 940 cognata
1571 895 1641 929 est
1675 887 1877 928 sermoni
1911 910 1961 915 ——

264 965 367 1005 dico
408 974 673 1003 sermonem
707 963 935 1001 urbanum
970 960 1207 1000 hominum
1242 960 1581 1011 elegantiorum
1616 983 1667 988 —
1704 966 1861 999 tamen
1895 964 1966 997 est

263 1035 469 1088 pressior
517 1041 562 1073 et
610 1032 811 1072 limatior
849 1043 1066 1071 sermone
1102 1030 1384 1071 cottidiano.
1418 1032 1563 1071 multo
1609 1030 1748 1081 igitur
1779 1028 1969 1080 parcius

267 1118 405 1158 quam
440 1106 764 1155 colloquentes
797 1104 949 1143 solent
983 1102 1125 1142 utitur
1158 1101 1535 1153 pronominibus.
1568 1113 1687 1153 quae
1712 1112 1819 1140 raro
1844 1098 1967 1139 addi·

266 1178 329 1217 dit
378 1183 567 1228 praeter
612 1174 961 1214 necessitatem.
998 1178 1142 1225 itaque
1175 1177 1399 1214 Phaedrus
1432 1177 1447 1213 Ι
1480 1178 1517 1213 2.
1555 1177 1578 1212 4
1613 1177 1754 1223 iurgii
1784 1182 1968 1213 cansam

267 1254 424 1295 intulit,
475 1263 587 1288 non.
612 1251 705 1288 .1'lli
751 1250 898 1287 z'ntltlz't
923 1280 928 1286 .
956 1245 1012 1284 de
1063 1256 1152 1295 quo
1203 1244 1323 1295 quod
1365 1244 1536 1283 HAVET
1570 1243 1628 1283 ad
1661 1244 1702 1283 h.
1737 1244 1764 1282 1.
1799 1241 1843 1281 in
1878 1240 1968 1280 edi-

266 1320 389 1360 tione
448 1317 623 1358 minore
681 1315 962 1356 adnotavit:
998 1320 1085 1356 »En
1142 1320 1321 1366 general
1369 1324 1509 1356 tontes
1558 1320 1620 1355 les
1668 1318 1748 1354 fois
1796 1327 1879 1364 que
1927 1317 1969 1352 la

268 1396 423 1442 phrase
477 1400 539 1429 est
592 1392 905 1429 suifisamment
957 1391 1104 1437 claire,
1145 1392 1184 1426 le
1237 1390 1341 1426 latin
1375 1400 1421 1426 se
1470 1389 1673 1436 dispense
1706 1387 1970 1435 d'exprimer

267 1467 328 1502 les
377 1474 624 1512 pronoms»,
675 1469 956 1509 quamquam
1004 1469 1097 1496 non
1145 1456 1203 1496 ad
1251 1456 1519 1496 universam
1558 1455 1838 1495 latinitatem
1870 1465 1971 1505 per-

267 1532 395 1582 tinet,
432 1538 560 1571 certe
601 1530 657 1569 de
692 1529 905 1568 Phaedro
941 1540 1054 1568 vere
1088 1527 1380 1578 dieitur.qui
1414 1527 1537 1578 quod
1569 1527 1657 1566 hac
1691 1537 1741 1565 re
1775 1526 1969 1565 multum

268 1604 503 1654 discrepat
554 1614 579 1641 a
626 1606 866 1651 postrema
913 1594 1177 1649 latinitate,'
1205 1610 1354 1649 genus
1386 1598 1475 1638 hoe
1510 1597 1771 1637 fabularum
1805 1610 1837 1647 φ
1870 1607 1971 1647 pro-

268 1674 455 1714 nomina
494 1684 636 1723 saepe
670 1678 860 1723 praeter
893 1683 1027 1711 usum
1061 1670 1260 1710 Phaedri
1293 1669 1437 1720 ipsius
1468 1669 1611 1708 habet
1644 1667 1802 1707 addita
1822 1700 1829 1707 .
1849 1678 1969 1718 quae

269 1744 377 1787 mihi
420 1743 710 1783 removenda
759 1749 892 1782 erant
941 1742 1011 1781 his
1058 1741 1188 1781 locis.
1224 1750 1299 1783 tna
1334 1756 1357 1781 a
1392 1745 1460 1781 34.
1501 1745 1550 1782 18
1584 1745 1637 1791 <p.
1678 1740 1758 1790 18),
1792 1743 1918 1780 nobis
1950 1752 1972 1778 r

272 1820 326 1856 lx*
368 1820 404 1856 6.
450 1819 472 1855 2
511 1827 566 1865 (p.
610 1818 695 1864 64),
728 1818 815 1856 sibi
845 1829 867 1853 a
904 1818 970 1853 44.
1006 1817 1029 1853 2
1066 1814 1121 1863 (p.
1158 1814 1244 1862 32),
1279 1816 1346 1852 58.
1388 1816 1401 1851 1
1443 1812 1498 1862 (p.
1536 1813 1621 1860 42),
1658 1814 1770 1851 inter
1796 1825 1843 1851 se
1870 1824 1891 1849 r
1914 1812 1968 1849 IV

272 1892 308 1927 6.
351 1891 373 1927 7
410 1888 464 1937 (p.
501 1886 586 1934 66),
619 1901 728 1927 snus
761 1900 784 1925 a
820 1889 856 1925 6.
894 1889 917 1923 5
953 1889 1007 1935 (p.
1045 1888 1100 1933 4),
1136 1898 1159 1923 a
1198 1887 1260 1923 13.
1297 1886 1345 1922 21
1384 1884 1439 1933 (p.
1476 1886 1535 1932 8),
1570 1897 1594 1922 a
1629 1885 1695 1921 40.
1733 1885 1755 1921 6
1791 1882 1846 1931 (p.
1882 1880 1972 1930 28),

272 1974 294 1998 a
342 1961 408 1997 43.
445 1962 468 1997 5
505 1959 559 2007 (p.
597 1954 668 2009 42)
692 1953 724 2003 ¹3
758 1961 796 1997 is
830 1971 853 1996 a
888 1961 925 1996 8.
963 1960 985 1994 4
1024 1964 1080 2005 (p.
1118 1956 1173 2004 6),
1208 1969 1229 1994 r
1262 1958 1313 1994 ΙΙΙ
1352 1958 1416 1994 16.
1453 1958 1490 2004 7,
1526 1958 1550 1994 8
1588 1954 1642 2004 (p.
1683 1954 1764 2002 16),
1799 1967 1823 1992 a
1853 1955 1920 1991 39.
1947 1955 1970 1991 7

273 2032 327 2079 (p.
365 2033 450 2077 24),
486 2043 509 2068 a
545 2032 611 2068 40.
654 2032 702 2067 10
740 2042 795 2077 (p.
833 2030 919 2076 28),
955 2041 977 2066 a
1013 2030 1081 2066 53.
1118 2030 1142 2066 3
1180 2026 1235 2076 (p.
1273 2026 1360 2074 38),
1395 2039 1416 2064 r
1448 2028 1463 2064 I
1496 2028 1563 2064 20.
1605 2027 1653 2063 14
1680 2025 1734 2073 (p.
1761 2024 1846 2072 62),
1870 2037 1910 2062 w
1933 2025 1973 2061 V

273 2106 310 2141 2.
347 2104 415 2147 22,
451 2104 502 2140 27
546 2102 601 2150 (p.
638 2099 709 2145 54)
735 2103 786 2142 ci,
813 2114 851 2149 p.
873 2109 1058 2147 LXXX111;
1093 2102 1165 2138 ille
1197 2112 1220 2137 a
1255 2100 1322 2137 65.
1359 2100 1397 2145 6,
1433 2099 1471 2139 8,
1508 2099 1531 2135 9
1557 2102 1613 2145 (p.
1640 2094 1786 2143 44),w
1809 2097 1861 2133 ΙΙΙ
1883 2096 1921 2132 2.
1952 2096 1967 2132 1

276 2187 331 2222 ‹p.
364 2172 450 2221 50),
486 2185 506 2210 r
539 2174 596 2210 IV
632 2174 668 2210 6.
711 2174 757 2209 17
794 2174 844 2220 [sp.
882 2173 962 2215 66>,
998 2183 1022 2208 a
1057 2172 1122 2208 43.
1160 2172 1182 2207 7
1210 2169 1265 2218 (p.
1294 2171 1380 2217 32>;
1406 2171 1497 2218 ipse
1520 2180 1543 2206 a
1568 2169 1605 2205 3.
1632 2169 1655 2206 8
1683 2176 1739 2215 lp.
1766 2166 1972 2213 32),r1x⁷

275 2252 311 2284 6.
352 2246 401 2282 10
437 2243 492 2292 (p.
530 2242 618 2290 66),
653 2255 673 2280 r
706 2244 762 2280 iv
799 2244 866 2280 20.
908 2245 921 2279 1
962 2242 1017 2290 (p.
1055 2240 1145 2289 68);
1178 2244 1256 2280 hoc
1289 2253 1328 2278 w
1361 2241 1412 2277 HI
1445 2240 1483 2277 2.
1520 2241 1542 2277 2
1580 2245 1634 2287 (p.
1672 2236 1761 2285 50),
1796 2249 1820 2275 a
1855 2238 1921 2274 40.
1947 2238 1973 2274 s

276 2316 329 2364 (p.
366 2317 451 2362 28),
486 2327 507 2352 r
540 2317 554 2352 Ι
588 2316 654 2352 20.
693 2316 730 2359 4,
771 2316 820 2351 10
857 2320 913 2361 ψ.
951 2312 1042 2360 62);
1077 2314 1176 2360 quis
1211 2343 1247 2350 ..
1282 2313 1474 2359 aliquem
1511 2341 1547 2349 ..
1583 2310 1822 2357 aliquando
1856 2320 1880 2345 a
1904 2308 1971 2345 68.

281 2388 329 2424 18
365 2387 419 2434 (p.
457 2385 542 2433 44),
577 2387 767 2433 aliquem
803 2397 840 2422 w
878 2386 912 2421 Υ
948 2385 985 2421 2.
1022 2384 1074 2421 22
1111 2382 1166 2430 (p.
1202 2382 1291 2429 54),
1326 2395 1453 2429 quem
1487 2393 1508 2418 r
1540 2382 1597 2418 IV
1632 2381 1699 2419 20.
1736 2381 1760 2417 3
1796 2378 1853 2427 (p.
1880 2376 1974 2424 65);

396 2526 403 2543 ¹
433 2527 574 2558 Verum
614 2533 739 2557 tamen
780 2525 974 2556 Phaedrus
1014 2533 1218 2564 pronomen
1258 2524 1353 2563 quod
1383 2528 1439 2554 est
1466 2532 1561 2553 suus
1587 2521 1773 2553 interdum
1798 2519 1901 2560 ponit
1928 2519 1974 2549 ad

277 2596 454 2617 versum
495 2586 867 2621 concludendum,
907 2584 966 2614 ubi
995 2593 1115 2623 neque
1144 2583 1188 2613 ad
1216 2582 1511 2621 intellegentiam
1538 2589 1658 2620 neque
1686 2579 1732 2610 ad
1759 2578 1902 2619 pondus
1931 2586 1975 2608 eo

278 2646 402 2677 addito
440 2655 532 2686 opus
572 2655 655 2675 esse
697 2644 878 2674 videatur.
914 2649 949 2673 ut
992 2641 1023 2672 Φ
1054 2642 1069 2672 I
1111 2642 1164 2673 25.
1192 2641 1323 2676 424).4
1353 2641 1388 2671 in
1415 2640 1489 2671 fine
1516 2640 1847 2670 versus-..natos
1873 2646 1976 2675 snos,

278 2705 337 2736 ubi
378 2708 488 2735 natos
528 2704 654 2734 dicere
695 2702 905 2733 sententiae
934 2702 1023 2732 satis
1051 2701 1134 2738 fuit3
1162 2700 1250 2731 item
1280 2697 1311 2729 Φ
1337 2699 1370 2730 Π
1397 2709 1440 2740 pr
1468 2699 1514 2730 6.
1538 2696 1823 2738 ..propositum
1850 2705 1977 2734 suum,

281 2762 311 2794 Φ
343 2763 375 2794 ΙΙ
410 2765 429 2794 5
453 2763 493 2794 ,8
513 2787 519 2793 .
536 2788 540 2793 .
558 2762 695 2793 villam
713 2788 718 2793 .
736 2788 741 2793 .
759 2771 883 2799 suam,
912 2761 963 2791 III
990 2770 1033 2800 pr
1060 2760 1103 2790 56
1129 2785 1134 2791 .
1155 2785 1160 2790 .
1181 2762 1359 2791 auctores
1387 2768 1487 2795 snos,
1516 2756 1568 2788 IV
1596 2756 1651 2787 22.
1683 2755 1723 2786 24
1746 2781 1751 2786 .
1773 2780 1779 2786 .
1800 2754 1974 2786 tabulam

280 2833 402 2853 suam.
432 2823 526 2862 quod
556 2822 720 2852 imitatus
749 2820 880 2861 scripsi
909 2820 981 2850 fab.
1012 2819 1061 2849 VI
1088 2820 1124 2853 (a
1156 2819 1206 2849 17.
1238 2819 1270 2853 1)
1297 2828 1330 2858 p.
1351 2818 1386 2848 11
1407 2816 1560 2848 domino
1589 2814 1764 2846 blandiri
1787 2823 1856 2845 suo
1873 2818 1909 2844 et
1923 2812 1973 2843 IX

283 2883 322 2912 15
353 2883 388 2912 sa
416 2881 557 2915 3515)
586 2891 618 2921 p.
649 2880 686 2911 21
718 2878 950 2910 Parentibus
972 2904 977 2909 .
998 2904 1003 2909 .
1025 2904 1030 2908 .
1050 2878 1143 2909 suis
