2152 3229
273 112 329 153 24
832 127 979 158 Phaedri
1006 127 1115 159 soluti
1142 128 1278 159 fabulae
1305 127 1411 159 XXX

391 227 593 264 Senarii
621 233 708 264 tres
734 227 776 264 in
805 238 827 263 a
855 233 1029 264 manent
1055 228 1210 275 integri
1238 238 1391 265 versus
1417 228 1521 265 5-7.

391 280 457 317 De
490 291 600 328 equo
634 281 736 317 olim
769 280 879 317 felici
913 287 1009 328 post
1042 281 1200 318 misero
1234 281 1378 318 fabula
1413 282 1545 318 altera
1572 281 1756 318 Phaedri
1783 287 1847 319 est
1874 291 1969 328 app,

278 334 319 369 19
346 334 398 370 de
425 344 536 381 equo
565 333 807 381 quadrigali
834 334 876 370 in
902 334 1127 381 pistrinum
1154 334 1429 372 venumdato.
1458 335 1525 371 cui
1558 335 1708 372 similis
1736 340 1799 372 est
1825 334 1969 372 fabula

274 387 320 423 29
346 387 491 424 Babrii
518 392 557 424 et
585 387 666 424 fab.
697 387 762 423 174
790 398 813 424 a
840 394 881 424 et
905 388 932 423 b
960 387 999 423 H
1026 404 1069 417 z
1099 388 1166 423 193
1192 387 1237 424 C.
1266 398 1376 435 quae
1405 388 1573 424 fabulae
1594 398 1691 424 cum
1711 387 1894 424 doceant
1912 387 1968 424 in-

679 610 712 649 ‹p
744 593 849 639 XII.
917 599 1034 639 a38.
1100 593 1564 640 VESPERTILIO.

273 717 446 757 bellum
479 717 709 767 gerebant
743 717 962 756 volucres
995 728 1100 756 cum
1134 715 1513 768 quadrupedibus

275 794 321 827 et
353 786 492 827 modo
524 786 770 827 vincentes
802 786 971 827 iterum
1005 786 1337 827 vincebantur·

275 857 559 909 Vespertilio
593 858 758 898 dubios
792 864 991 898 eventus
1023 858 1193 898 timens

274 928 565 981 superiorem
598 940 735 980 quem
767 928 917 980 primo
949 928 1143 969 vidisset

227 1011 246 1037 5
274 1000 333 1040 ad
367 1012 472 1040 eam
504 1012 554 1040 se
591 999 886 1050 conferebam

211 1364 248 1393 10

256 1070 323 1121 In
355 1082 524 1122 pacem
558 1082 662 1111 cum
696 1070 928 1111 redissent
960 1070 1225 1121 pristinam·

274 1148 471 1194 utroque
505 1142 670 1193 generi
703 1141 830 1181 fraus
864 1142 1065 1193 decepta
1099 1141 1313 1193 apparuit

275 1214 539 1254 Damnatus
572 1225 686 1264 ergo
719 1219 815 1253 tam
848 1213 1066 1264 pudendo
1103 1212 1307 1253 crimine.

275 1286 429 1325 lucem
461 1284 701 1335 refugiens
736 1284 847 1324 atris
879 1296 929 1324 se
965 1283 1171 1324 condidit
1203 1284 1412 1324 tenebris
1444 1283 1596 1324 noctis

277 1355 385 1407 quia
417 1355 621 1407 quisquis
655 1367 682 1395 a
714 1355 894 1395 duabus
926 1354 1139 1406 partibus
1172 1366 1222 1394 se
1256 1354 1483 1395 vindicari
1516 1354 1754 1394 desiderat

276 1427 483 1478 utrisque
518 1427 730 1477 ingratus
762 1426 958 1477 turpiter
990 1426 1129 1466 vivit·

393 1554 620 1590 Adnotatio.
662 1555 697 1590 21.
738 1553 913 1590 victores
940 1553 1123 1590 coniecit
1149 1553 1310 1590 Bummx
1327 1564 1333 1589 :
1350 1553 1560 1589 vincentes
1587 1564 1622 1598 a,
1650 1552 1766 1599 quod
1791 1551 1975 1588 iortasse

276 1609 449 1645 retineri
476 1613 626 1655 potest.
656 1607 769 1654 apud
797 1606 993 1643 Curtium
1022 1607 1196 1653 quidem
1222 1606 1436 1643 interdum
1464 1605 1636 1642 ‘elucens
1661 1622 1705 1635 z
1732 1605 1882 1642 victor.
1901 1604 1975 1640 ita-

277 1673 358 1709 que
385 1662 508 1698 modo
535 1661 745 1698 vim-entes
771 1661 809 1705 (i.
838 1672 871 1697 e.
900 1660 971 1707 qui
999 1660 1129 1697 modo
1157 1660 1325 1696 fuerant
1351 1660 1570 1696 vincentes
1589 1660 1657 1695 vel
1677 1659 1889 1701 victores),
1908 1657 1975 1693 ite·

277 1726 374 1752 rum
402 1718 439 1760 (i.
468 1726 501 1752 e.
529 1721 636 1762 post,
665 1715 900 1751 certamine
927 1714 1095 1751 iterato.»
1126 1713 1409 1750 vincebantur.
1431 1713 1614 1750 fortasse
1633 1713 1742 1749 inest
1763 1711 1892 1748 etiam
1909 1710 1976 1746 vis

278 1769 551 1806 adversativa
578 1769 620 1805 in
647 1768 811 1813 itermn,
838 1774 881 1804 ut
908 1778 1038 1814 saepe
1064 1767 1106 1803 in
1134 1777 1308 1807 rursus·
1336 1766 1385 1802 cl.
1413 1766 1503 1802 Liv.
1530 1765 1630 1802 XXI
1661 1766 1703 1802 18
1731 1766 1784 1802 14.
1804 1785 1846 1790 —
1866 1765 1975 1799 4—5.

278 1822 418 1868 Quam
430 1825 599 1868 partem
623 1852 628 1858 .
647 1851 653 1857 .
674 1831 732 1865 eo,
747 1827 789 1857 ut
806 1820 909 1856 Belli
926 1820 1063 1856 Africi
1078 1820 1134 1856 72.
1149 1820 1172 1855 4
1186 1830 1294 1865 qnae
1304 1824 1411 1865 pars
1434 1848 1440 1854 .
1458 1849 1463 1855 .
1485 1830 1541 1855 eo.
1559 1840 1601 1844 —
1616 1821 1650 1856 7.
1667 1818 1820 1855 detecta
1837 1817 1974 1854 conie-

279 1886 424 1912 ceram
444 1875 610 1912 Comm.
632 1875 647 1911 Ι
666 1886 702 1922 p.
719 1875 752 1917 6,
766 1879 864 1921 post
878 1884 947 1910 me
961 1873 1075 1910 idem
1090 1873 1186 1909 Bm‘r
1201 1872 1524 1919 RpUdT111E1,Ep.
1542 1871 1739 1909 CCXVI:
1757 1871 1924 1917 decepta
1940 1881 1975 1906 a.

397 1929 557 1975 Integri
585 1928 778 1965 senarii
805 1928 846 1963 in
875 1938 899 1963 a
925 1933 1024 1964 sunt
1049 1938 1074 1963 v
1108 1928 1135 1970 1,
1162 1927 1194 1969 7,
1220 1928 1259 1971 8;
1287 1937 1424 1973 paene
1451 1926 1608 1972 integri
1633 1926 1657 1961 3
1683 1930 1723 1961 et
1748 1925 1780 1961 6.

396 1982 534 2019 Aliter
561 1982 720 2028 scripta
747 1987 787 2017 et
815 1980 985 2016 aliunde
1012 1980 1142 2027 petita
1171 1987 1234 2016 est
1260 1980 1404 2016 fabula
1432 1979 1484 2015 de
1503 1978 1807 2025 vespertilione
1827 1988 1848 2014 r
1867 1976 1923 2013 III
1942 1977 1974 2012 4.

280 2037 399 2073 cuius
437 2042 604 2083 partem
644 2035 785 2071 refero
822 2034 1058 2070 secundum
1100 2033 1294 2070 codicem
1332 2032 1390 2069 ss:
1508 2032 1776 2079 »vespertilio
1805 2061 1848 2077 ..,
1877 2030 1974 2078 quia

483 2261 515 2300 ῳ
548 2242 676 2287 XIII.
743 2247 859 2287 a39.
924 2239 1246 2286 LVSCINIA
1280 2238 1365 2283 ET
1399 2237 1772 2283 ACCIPITER.

279 2366 323 2405 in
357 2365 514 2405 nidum
547 2364 771 2404 lusciniae
806 2364 913 2403 dum
947 2363 1131 2402 sederet
1165 2360 1390 2412 accipiter
1422 2366 1471 2400 ut
1504 2360 1828 2411 specularetur
1861 2359 1978 2398 auri·

398 2443 519 2476 tum·
554 2446 725 2493 parvos
757 2434 801 2474 in
835 2434 912 2474 illo
946 2433 1123 2473 invenit
1157 2433 1332 2483 pullos·

281 2507 560 2559 Supervenit
592 2506 811 2546 luscinia·
849 2512 893 2545 et
927 2505 1127 2555 rogabat
1160 2503 1287 2543 illum
1319 2514 1518 2554 parcere
1551 2501 1711 2553 pullis·

280 2577 366 2618 Ait·
391 2589 501 2618 acc·
537 2577 730 2617 Faciam
764 2576 885 2627 quod
919 2575 1009 2614 vis·
1045 2574 1080 2615 si
1114 2574 1223 2614 mihi
1255 2574 1375 2614 bene
1410 2572 1704 2614 cantaveris·

235 2661 253 2687 .··›
282 2656 327 2690 et
360 2648 574 2700 quamvis
606 2659 655 2687 se
690 2646 1000 2699 praecederet
1034 2645 1215 2685 animo·
1251 2651 1409 2684 tamen

280 2726 407 2760 metu
439 2720 658 2771 pavebat.
694 2717 892 2768 denique
929 2724 1098 2757 coacta
1132 2722 1176 2755 et
1211 2716 1370 2755 dolore
1406 2716 1570 2766 plena·
1607 2719 1802 2753 cantav·

247 2813 253 2829 ›
280 2791 522 2841 Acceptor
555 2789 630 2841 qui
662 2789 887 2840 praedam
922 2793 1221 2839 captaverat·

282 2862 368 2901 ait·
404 2861 506 2901 Non
540 2862 660 2901 bene
697 2859 920 2900 cantasti·
956 2857 1372 2910 Apprehenditque
1407 2867 1548 2896 unum
1581 2855 1637 2894 de
1672 2866 1712 2906 p.
1749 2853 1848 2894 eius
