2152 3229
584 145 671 185 Cap.
700 145 763 176 IV.
816 145 872 176 De
899 146 1044 176 ratione
1072 147 1202 177 harum
1231 146 1475 177 vindiciarum
1722 142 1877 170 LXXXV

255 272 400 317 CAP.
436 270 522 315 IV.
587 269 677 315 DE
711 269 1013 315 RATIONE
1045 270 1242 316 HARV
1248 272 1295 316 M
1327 269 1800 316 VINDICIARUM.

296 393 503 432 Fabulae
538 391 776 443 prosariae
817 391 1029 431 Phaedro
1062 392 1373 432 vindicandae
1407 392 1524 431 haec
1559 403 1650 430 una
1685 396 1754 430 est
1786 390 1876 439 via,
1925 418 1930 426 .

180 464 217 504 si
266 470 455 503 veteres
501 463 724 513 senarios,
775 462 929 512 quoad
975 462 1074 502 eius
1107 462 1207 501 fieri
1240 463 1399 514 possit,
1435 461 1662 513 probabili
1696 461 1877 500 ratione

178 534 411 575 restituas.
459 545 611 584 neque
661 532 781 572 enim
832 532 1071 572 Phaedrus
1105 533 1299 582 agnosci
1334 541 1463 572 certo
1498 531 1667 582 poterit
1701 532 1786 570 nisi
1821 532 1878 570 ab

180 618 235 645 eo
277 605 353 656 qui
402 610 533 644 certa
580 603 749 642 indicia
784 603 1028 653 collegerit
1061 614 1145 653 per
1178 603 1394 642 dictionis
1426 602 1878 653 versificationisque

180 675 394 725 vestigia.
432 673 719 726 quodsi‘qua
752 672 909 712 fabula
942 672 1141 711 Phaedri
1174 672 1338 712 reficta
1372 679 1441 712 est
1466 684 1549 723 per
1571 672 1879 723 paraphrasin

180 753 293 797 tota,
343 747 488 785 talem
520 744 726 783 fabulam
761 754 865 783 esse
900 743 1243 782 Phaedrianam
1276 743 1385 783 licet
1420 742 1686 794 suspiceris,
1722 749 1879 781 tamen

180 822 309 857 certo
334 816 658 855 demonstrare
683 825 773 853 non
799 813 949 864 possis
974 846 981 853 .
1007 825 1062 853 ac
1086 826 1143 852 ne
1169 813 1204 853 si
1229 813 1436 864 speciem
1463 813 1646 863 quidem
1666 812 1880 852 Phaedri-

178 898 296 926 anae
355 884 571 925 dictionis
628 890 673 924 et
721 895 1020 923 numerorum
1076 884 1229 935 aliquo
1279 886 1381 923 loco
1431 884 1535 924 talis
1580 883 1881 934 paraphrasis

178 958 387 1009 praebet,
442 956 547 996 inde
604 962 734 995 certo
785 955 1046 1005 colligimus
1091 955 1297 994 fabulam
1343 955 1614 997 universam
1664 966 1767 993 esse
1818 954 1875 993 de

177 1028 390 1067 Phaedro
417 1060 424 1067 .
449 1026 598 1077 potuit
645 1025 765 1065 enim
814 1037 897 1076 per
947 1025 1391 1065 contaminationem
1439 1027 1530 1065 tale
1566 1025 1739 1076 aliquid
1772 1025 1880 1063 irre-

177 1110 302 1150 pere.
353 1098 474 1150 quod
524 1097 707 1137 etiamsi
752 1096 931 1136 THIELE
982 1096 1168 1136 videtur
1213 1108 1397 1136 errasse
1446 1097 1501 1136 de
1536 1096 1624 1135 hoc
1660 1095 1880 1135 universo

177 1181 352 1220 genere
403 1169 469 1209 sic
517 1176 741 1215 statuens,
792 1175 951 1207 tamen
1002 1168 1046 1207 id
1094 1167 1193 1207 fieri
1242 1167 1446 1219 potuisse
1494 1167 1726 1206 interdum
1778 1165 1879 1217 quis

180 1241 347 1290 neget?

297 1310 487 1351 Scilicet
506 1322 598 1350 non
623 1310 713 1349 iam
732 1317 926 1360 possunt
954 1311 1096 1349 verba
1116 1310 1271 1349 omnia
1296 1315 1459 1348 vetera
1476 1308 1708 1348 revocari.
1727 1319 1881 1359 quam-

179 1382 340 1421 obrem
375 1381 555 1420 duobus
575 1380 738 1420 modis
774 1380 878 1420 cavi
914 1392 971 1420 ne
996 1392 1129 1420 meae
1151 1386 1453 1419 correcturae
1485 1387 1528 1419 et
1554 1380 1881 1430 supplementa

181 1463 284 1491 cum
315 1451 472 1491 verbis
502 1451 754 1502 antiquitus
778 1451 959 1490 traditis
979 1450 1394 1491 confunderentur:
1421 1450 1541 1501 quod
1567 1457 1610 1490 et
1634 1450 1752 1489 haec
1776 1460 1881 1488 mea

178 1523 413 1562 l'uclinczll's
428 1522 593 1562 litteris
611 1521 787 1573 scripsi,
805 1522 994 1572 antiqua
1013 1521 1090 1561 illa
1108 1521 1273 1561 litteris
1291 1521 1450 1567 rectis;
1473 1528 1517 1560 et
1537 1520 1657 1571 quod
1676 1520 1881 1559 fabulam

179 1592 439 1644 prosariam
462 1605 489 1632 a
511 1593 710 1642 sinistra,
736 1605 762 1632 a
781 1593 948 1632 dextra
966 1592 1093 1631 iuxta
1112 1604 1217 1632 eam
1236 1592 1367 1643 posui
1385 1599 1583 1631 metrum
1603 1592 1879 1631 restitutum.

181 1664 302 1715 quod
349 1670 595 1714 utrumque
646 1675 750 1702 curn
798 1674 968 1713 magno
1015 1663 1268 1702 editionum
1302 1674 1490 1702 suarum
1524 1662 1819 1702 incommodo
1853 1661 1882 1700 ii

179 1734 339 1774 facere
378 1736 689 1785 neglexerunt
724 1734 800 1785 qui
834 1743 941 1773 ante
975 1745 1048 1773 me
1083 1740 1233 1773 metro
1268 1733 1530 1773 fabularum
1563 1733 1880 1784 prosariarum

178 1805 467 1846 restituendo
514 1816 707 1856 operam
760 1805 1010 1844 dederunt:
1057 1804 1269 1853 sst-RMAN,
1321 1804 1584 1855 DREssLER,
1633 1803 1881 1851 MCELLER‚

179 1876 359 1916 THIELE
394 1875 577 1927 aliique.

298 1946 549 1987 Lubricum
597 1946 810 1998 proiecto
859 1947 947 1986 hoc
998 1958 1113 1998 opus
1162 1952 1228 1986 est
1280 1946 1462 1986 fabulas
1510 1960 1536 1996 qv
1587 1945 1880 1993 recensendi,

181 2017 285 2069 quia
332 2017 806 2071 fabularumffharum
856 2017 1054 2057 Phaedri
1102 2017 1238 2057 soluti
1287 2017 1436 2056 oratio
1487 2017 1531 2056 in
1564 2016 1691 2056 libris
1725 2028 1752 2055 a
1784 2028 1827 2055 W
1860 2028 1882 2055 r

181 2094 252 2129 est
284 2088 421 2128 valde
459 2094 720 2140 corrupta
755 2094 800 2128 et
834 2089 1149 2128 decurtata.

300 2159 567 2198 additicia
592 2166 748 2199 autem
772 2160 1046 2211 plerumque
1071 2159 1210 2199 facile
1235 2158 1563 2198 discernuntur
1587 2170 1642 2198 ac
1666 2169 1882 2197 resecan-

180 2236 266 2269 tur.
301 2241 420 2280 quae
454 2236 634 2269 tantum
667 2230 937 2280 discrepant
972 2242 998 2269 a
1031 2229 1230 2269 Phaedri
1265 2236 1364 2269 arte
1401 2236 1445 2268 et
1478 2228 1663 2279 ingenio
1698 2235 1745 2268 ut
1776 2228 1881 2267 inde

181 2299 317 2339 facile
352 2300 700 2350 dignoscantur.

299 2371 410 2410 item
444 2370 576 2410 illae
610 2377 716 2411 tam
752 2373 956 2412 multae
998 2383 1116 2423 quae
1150 2371 1350 2411 Phaedri
1384 2370 1582 2410 orationi
1617 2381 1880 2421 aspersae

181 2447 286 2481 sunt
334 2441 379 2481 in
428 2456 459 2492 φ
507 2443 758 2481 maculae
808 2442 1117 2482 latinitatis
1158 2449 1455 2491 extremae,
1496 2441 1594 2481 sive
1629 2453 1712 2492 pro
1746 2452 1883 2480 voca-

182 2512 300 2552 bulis
341 2513 575 2552 vocabula
608 2512 706 2552 sive
741 2524 824 2564 pro
863 2512 1288 2552 constructionibus
1322 2512 1697 2552 constructiones
1730 2522 1881 2550 novae

182 2595 208 2622 a
256 2583 554 2623 diasceuasta
602 2597 633 2633 <p
682 2583 959 2623 substitutae
1008 2589 1126 2633 sunt,
1168 2583 1290 2633 quod
1322 2582 1735 2622 innumerabilibus
1768 2581 1884 2621 locis

181 2653 357 2694 iactum
391 2666 494 2694 esse
527 2653 771 2705 reperitur,
808 2665 892 2693 eae
927 2655 1140 2693 maculae
1174 2665 1325 2705 paene
1360 2665 1523 2693 omnes
1552 2653 1691 2692 facile
1715 2653 1882 2692 tollun-

181 2730 268 2775 tur,
317 2732 366 2765 ut
413 2725 522 2764 nihil
561 2724 659 2765 iere
701 2725 855 2764 obstet
889 2724 1133 2775 quominus
1166 2724 1471 2763 restituantur
1503 2722 1783 2762 Phaedriam
1815 2734 1882 2761 se-

181 2795 310 2835 narii.
360 2801 540 2835 tantum
590 2795 710 2835 enim
752 2807 778 2834 a
819 2794 1018 2834 Phaedri
1052 2806 1268 2834 sermone
1303 2806 1457 2834 sermo
1492 2793 1636 2845 quinti
1669 2793 1881 2844 sextique

182 2865 359 2905 saeculi
407 2866 546 2906 distat
593 2873 642 2905 ut
681 2878 773 2905 non
807 2865 951 2917 possit
986 2865 1272 2904 confundere
1307 2865 1383 2915 qui
1417 2864 1602 2915 quidem
1635 2871 1881 2915 utrumque
