2152 3229
220 172 361 199 XXVIII
930 176 1205 215 Prolegomena

219 278 457 327 scandere,
503 286 605 329 post
648 278 847 318 Phaedri
883 286 1088 319 aetatem
1121 281 1197 319 vel
1230 280 1382 331 potius
1416 280 1569 320 dicam
1602 293 1751 332 paene
1786 283 1920 323 simul

220 361 323 388 cum
368 349 581 388 Phaedro
624 361 734 389 usus
768 361 823 389 ac
858 349 1055 390 scientia
1093 350 1385 391 senariorum
1425 352 1668 392 obsolevit.
1705 365 1814 393 nam
1847 354 1920 394 tri-

218 426 393 459 metros
438 419 617 459 Horatii
664 427 708 459 et
755 419 967 460 Senecae
1016 420 1181 461 imitati
1230 429 1335 461 sunt
1384 422 1662 462 Prudentius
1710 423 1921 464 Avienus

218 489 435 529 Paulinus
468 489 705 530 Ausonius
738 490 925 542 aliique;
961 503 1098 531 nemo
1133 497 1287 532 autem
1322 492 1555 532 litteratus
1583 494 1831 545 temptavit
1853 508 1919 535 se-

217 560 389 607 narios:
432 573 547 611 quos
586 568 688 612 post
729 562 991 602 Phaedrum
1036 563 1111 602 vix
1151 563 1269 602 ullos
1308 563 1520 603 invenias
1560 572 1751 615 praeter
1789 577 1920 617 quos-

217 631 323 670 dam
365 632 601 672 titulorum
642 633 790 683 plebis
829 633 928 672 rudi
969 640 1069 674 arte
1111 641 1155 674 et
1190 634 1542 685 incompositos3
1577 635 1747 675 nedum
1781 637 1921 677 rudes

216 703 431 742 monachi
472 703 532 742 illi
574 704 750 743 saeculi
790 704 934 755 quinti
973 705 1155 744 sextive
1191 706 1418 745 callerent
1452 706 1745 746 senariorum
1778 706 1920 747 Phae-

217 773 483 813 drianorum
517 775 814 825 elegantiam,
850 782 929 815 aut
963 789 989 815 a
1022 788 1161 827 prosa
1196 776 1405 816 oratione
1440 777 1764 818 discernerent
1798 778 1920 829 quod

217 851 342 884 esset
376 845 642 895 quingentis
675 852 783 886 ante
819 846 952 886 annis
986 847 1211 898 scriptum
1247 854 1291 887 et
1322 847 1470 887 simile
1501 859 1670 899 prosae
1705 849 1917 889 orationi.

479 1042 678 1088 CANIS
712 1043 958 1089 CARNIS
991 1044 1286 1089 VMBRAM
1322 1044 1647 1090 CAPTANS.

517 1157 540 1181 a
576 1146 597 1181 7
634 1144 734 1196 (wll.

216 1227 285 1273 qui
321 1227 423 1263 dum
453 1229 595 1265 aliena
618 1236 831 1276 quaerunt
854 1232 1027 1278 propria

334 1299 533 1335 amittunt

215 1379 313 1405 cum
348 1370 468 1406 canis
491 1381 622 1417 super
645 1371 824 1408 fluvium
850 1383 1026 1409 carnem

333 1441 464 1477 ferret
499 1471 505 1477 .
528 1470 535 1476 .
558 1471 565 1477 .

214 1511 491 1557 nimpharum
531 1514 707 1559 speculo
750 1514 857 1550 vidit
896 1515 1026 1551 simu-

332 1583 498 1619 lacrum
532 1595 657 1620 suum

213 1653 481 1701 alteramque
528 1655 736 1702 praedam
787 1656 839 1692 ab
890 1658 1027 1693 altero

332 1725 465 1770 ierre3
500 1731 655 1772 putans

163 1801 182 1828 ἴ)
213 1795 383 1842 cripere
414 1797 549 1833 voluit
573 1802 613 1833 at
637 1797 817 1845 decepta
841 1798 1026 1835 aviditas

213 1947 341 1983 quam
376 1938 541 1974 ferebat
577 1969 612 1975 ..
649 1939 811 1975 dimisit
844 1940 1003 1976 offam·

213 2079 263 2115 Et
296 2090 406 2126 quae
439 2081 612 2117 volebat
644 2092 722 2117 sua
743 2087 749 2093 ·
772 2092 855 2118 non
889 2083 1026 2129 potuit

329 2151 400 2186 vel
434 2156 627 2188 extrema
660 2158 842 2198 tangere
875 2153 1026 2190 dente·

1429 1144 1639 1184 (IJI4P

1103 1230 1272 1267 Amittit
1299 1231 1452 1267 merito
1475 1231 1698 1278 proprium
1723 1232 1794 1279 qui
1819 1232 1917 1268 alie-

1221 1310 1324 1339 num
1358 1302 1545 1349 adpetit·

1102 1373 1234 1410 Canis
1274 1385 1352 1421 per
1391 1373 1551 1410 fiumen
1594 1384 1771 1410 carnem
1812 1374 1914 1410 dum

1222 1445 1356 1481 ferret
1390 1450 1544 1481 natans

1102 1516 1377 1563 lympharum
1419 1517 1461 1552 in
1502 1518 1679 1564 speculo
1718 1517 1824 1553 vidit
1864 1517 1915 1553 si-

1222 1588 1465 1624 mulacrum
1499 1598 1625 1624 suum

1102 1659 1319 1706 aliamque
1364 1659 1573 1706 praedam
1607 1659 1660 1695 ab
1694 1659 1779 1695 alio
1812 1659 1915 1695 ferri

1219 1736 1375 1776 putans

1101 1801 1271 1847 eripere
1330 1801 1463 1837 voluit
1523 1811 1675 1837 verum
1736 1800 1916 1847 decepta

1219 1870 1404 1907 aviditas

1102 1948 1141 1978 et
1181 1953 1310 1989 quem
1349 1943 1523 1978 tenebat
1556 1953 1631 1979 ore
1664 1942 1828 1978 dimisit
1862 1943 1916 1978 ci-

1220 2013 1350 2049 bum·

1101 2094 1179 2119 nec
1229 2094 1357 2131 quem
1406 2084 1577 2131 petebat
1625 2083 1733 2120 adeo
1780 2084 1916 2131 potuit

1224 2155 1440 2201 attingere
1460 2161 1467 2167 ·

329 2264 663 2315 Promythium‚
699 2273 747 2329 ut
780 2278 967 2318 semper
1000 2267 1045 2307 in
1080 2278 1120 2317 a,
1156 2274 1227 2308 est
1262 2268 1579 2319 epimythium.
1615 2269 1640 2308 4
1661 2269 1796 2319 serre
1829 2281 1917 2308 a:

200 2335 329 2386 ferri
357 2336 402 2376 P.
444 2348 563 2387 quae
597 2343 754 2376 aetate
789 2337 1111 2389 Merovingica
1143 2351 1236 2378 non
1270 2346 1370 2379 erat
1404 2338 1488 2379 nisi
1523 2339 1808 2380 scribendi
1842 2352 1917 2379 va-

212 2406 368 2446 rietas
408 2430 456 2434 —
491 2407 531 2447 2.
563 2413 648 2459 per
670 2407 704 2447 P
725 2420 732 2447 ς
751 2414 894 2459 snper
917 2421 956 2459 a,
981 2409 1175 2449 meliore
1199 2410 1448 2461 sententia,
1472 2411 1555 2450 sed
1580 2417 1730 2451 metro
1753 2422 1919 2461 repug-

212 2483 367 2517 nante.
394 2501 447 2504 —
472 2479 497 2518 3
521 2478 821 2529 m'mplzarum
848 2480 1037 2530 speculo
1064 2490 1092 2521 a
1115 2481 1287 2531 optime
1309 2493 1316 2520 z
1337 2481 1637 2533 lympharum
1661 2481 1708 2521 in
1730 2482 1918 2532 speculo

214 2548 264 2593 P;
314 2547 514 2588 fortasse
563 2549 817 2599 scripserat
866 2550 1106 2591 Phaedrus
1146 2551 1244 2602 ipse
1279 2553 1594 2604 nympharum
1625 2552 1828 2603 speculo.
1865 2575 1916 2581 -—

214 2619 239 2657 4
287 2619 572 2670 alteramque
604 2621 834 2669 praedam
869 2622 924 2660 al)
960 2622 1105 2661 altero
1140 2623 1446 2674 a1all'amqae
1477 2623 1703 2674 praedam
1737 2623 1794 2662 ab
1827 2622 1917 2662 alio

212 2689 265 2735 P;
305 2696 522 2729 neutrum
562 2697 708 2738 recte,
759 2691 838 2731 sed
876 2703 1009 2731 suum
1042 2699 1288 2744 utrumque
1325 2693 1507 2733 confert
1541 2693 1599 2733 ad
1633 2704 1822 2733 versum
1852 2692 1918 2732 sic

214 2760 574 2800 emendandum:
610 2761 842 2813 aliamque
873 2764 1097 2814 praedam
1132 2766 1187 2803 ab
1223 2765 1367 2804 altero
1388 2764 1520 2814 ferri
1542 2768 1733 2816 putans.
1761 2768 1816 2804 ad
1841 2763 1920 2803 alt'-

214 2842 379 2881 amque
411 2864 417 2870 .
444 2863 451 2869 .
486 2833 542 2871 ab
576 2833 721 2873 allero
757 2833 814 2874 cf.
849 2833 1069 2875 Publilius
1102 2841 1218 2876 sent.
1252 2834 1318 2874 12
1342 2835 1409 2874 Al>
1435 2834 1527 2875 alio
1551 2838 1764 2885 expectes
1786 2834 1926 2874 alteri

214 2902 340 2951 quod
358 2902 543 2952 flcem‘s.
582 2927 632 2931 —
669 2904 694 2943 2
728 2916 829 2943 cnm
864 2937 902 2945 ..
925 2906 1079 2955 ferret
1109 2917 1162 2945 a:
1183 2906 1292 2945 dum
1312 2906 1466 2955 ferret
1496 2905 1549 2952 P;
1584 2911 1632 2945 ut
1655 2916 1681 2944 a
1704 2905 1815 2945 item
1837 2916 1919 2945 rW.
